{"bids": [[7224.74, 0.19859549], [7224.72, 2.0], [7223.59, 0.3], [7223.47, 0.9754], [7223.03, 2.0], [7219.73, 6.0], [7219.09, 1.0], [7218.31, 0.947], [7217.1, 1.0], [7216.8, 0.00301081]], "asks": [[7227.17, 0.3], [7227.18, 2.5], [7229.88, 0.18453986], [7229.89, 0.19115747], [7229.93, 2.0], [7231.83, 1.0], [7232.48, 6.0], [7233.28, 1.0], [7235.17, 0.673], [7235.36, 1.0]], "ts": 1575268420624}
{"bids": [[7224.74, 0.19859549], [7224.72, 2.0], [7223.59, 0.3], [7223.47, 0.9754], [7223.03, 2.0], [7219.73, 6.0], [7219.09, 1.0], [7218.31, 0.947], [7217.1, 1.0], [7216.8, 0.00301081]], "asks": [[7227.17, 0.3], [7227.18, 2.5], [7229.88, 0.18453986], [7229.89, 0.19115747], [7229.93, 2.0], [7231.83, 1.0], [7232.48, 6.0], [7233.28, 1.0], [7235.17, 0.673], [7235.36, 1.0]], "ts": 1575268420627}
{"bids": [[7224.74, 0.19859549], [7224.72, 2.0], [7223.47, 0.9754], [7223.03, 2.0], [7219.73, 6.0], [7219.09, 1.0], [7218.31, 0.947], [7217.1, 1.0], [7216.8, 0.00301081]], "asks": [[7227.17, 0.3], [7227.18, 2.5], [7229.88, 0.18453986], [7229.89, 0.19115747], [7229.93, 2.0], [7231.83, 1.0], [7232.48, 6.0], [7233.28, 1.0], [7235.17, 0.673], [7235.36, 1.0]], "ts": 1575268420631}
{"bids": [[7224.74, 0.19859549], [7224.72, 2.0], [7224.14, 0.3], [7223.47, 0.9754], [7223.03, 2.0], [7219.73, 6.0], [7219.09, 1.0], [7218.31, 0.947], [7217.1, 1.0], [7216.8, 0.00301081]], "asks": [[7227.17, 0.3], [7227.18, 2.5], [7229.88, 0.18453986], [7229.89, 0.19115747], [7229.93, 2.0], [7231.83, 1.0], [7232.48, 6.0], [7233.28, 1.0], [7235.17, 0.673], [7235.36, 1.0]], "ts": 1575268420632}
{"bids": [[7224.74, 0.19859549], [7224.72, 2.0], [7224.14, 0.3], [7223.47, 0.9754], [7223.03, 2.0], [7219.73, 6.0], [7219.09, 1.0], [7218.31, 0.947], [7217.1, 1.0], [7216.8, 0.00301081]], "asks": [[7227.17, 0.3], [7227.18, 2.5], [7229.88, 0.18453986], [7229.89, 0.19115747], [7229.93, 2.0], [7231.83, 1.0], [7232.48, 6.0], [7233.28, 1.0], [7235.17, 0.673], [7235.36, 1.0]], "ts": 1575268420634}
{"bids": [[7224.74, 0.19859549], [7224.72, 2.0], [7223.47, 0.9754], [7223.03, 2.0], [7219.73, 6.0], [7219.09, 1.0], [7218.31, 0.947], [7217.1, 1.0], [7216.8, 0.00301081]], "asks": [[7227.17, 0.3], [7227.18, 2.5], [7229.88, 0.18453986], [7229.89, 0.19115747], [7229.93, 2.0], [7231.83, 1.0], [7232.48, 6.0], [7233.28, 1.0], [7235.17, 0.673], [7235.36, 1.0]], "ts": 1575268420635}
{"bids": [[7224.74, 0.19859549], [7224.72, 2.0], [7223.54, 0.3], [7223.47, 0.9754], [7223.03, 2.0], [7219.73, 6.0], [7219.09, 1.0], [7218.31, 0.947], [7217.1, 1.0], [7216.8, 0.00301081]], "asks": [[7227.17, 0.3], [7227.18, 2.5], [7229.88, 0.18453986], [7229.89, 0.19115747], [7229.93, 2.0], [7231.83, 1.0], [7232.48, 6.0], [7233.28, 1.0], [7235.17, 0.673], [7235.36, 1.0]], "ts": 1575268420636}
{"bids": [[7224.74, 0.19859549], [7224.72, 2.0], [7223.47, 0.9754], [7223.03, 2.0], [7219.73, 6.0], [7219.09, 1.0], [7218.31, 0.947], [7217.1, 1.0], [7216.8, 0.00301081]], "asks": [[7227.17, 0.3], [7227.18, 2.5], [7229.88, 0.18453986], [7229.89, 0.19115747], [7229.93, 2.0], [7231.83, 1.0], [7232.48, 6.0], [7233.28, 1.0], [7235.17, 0.673], [7235.36, 1.0]], "ts": 1575268420636}
{"bids": [[7224.74, 0.19859549], [7224.72, 2.0], [7224.05, 0.3], [7223.47, 0.9754], [7223.03, 2.0], [7219.73, 6.0], [7219.09, 1.0], [7218.31, 0.947], [7217.1, 1.0], [7216.8, 0.00301081]], "asks": [[7227.17, 0.3], [7227.18, 2.5], [7229.88, 0.18453986], [7229.89, 0.19115747], [7229.93, 2.0], [7231.83, 1.0], [7232.48, 6.0], [7233.28, 1.0], [7235.17, 0.673], [7235.36, 1.0]], "ts": 1575268420637}
{"bids": [[7224.74, 0.19859549], [7224.72, 2.0], [7224.05, 0.3], [7223.47, 0.9754], [7223.03, 2.0], [7219.73, 6.0], [7219.09, 1.0], [7218.31, 0.947], [7217.1, 1.0], [7216.8, 0.00301081]], "asks": [[7227.17, 0.3], [7227.18, 2.5], [7229.88, 0.18453986], [7229.89, 0.19115747], [7229.93, 2.0], [7231.83, 1.0], [7232.48, 6.0], [7233.28, 1.0], [7235.17, 0.673], [7235.36, 1.0]], "ts": 1575268420638}
{"bids": [[7224.74, 0.19859549], [7224.72, 2.0], [7223.47, 0.9754], [7223.03, 2.0], [7219.73, 6.0], [7219.09, 1.0], [7218.31, 0.947], [7217.1, 1.0], [7216.8, 0.00301081]], "asks": [[7227.17, 0.3], [7227.18, 2.5], [7229.88, 0.18453986], [7229.89, 0.19115747], [7229.93, 2.0], [7231.83, 1.0], [7232.48, 6.0], [7233.28, 1.0], [7235.17, 0.673], [7235.36, 1.0]], "ts": 1575268420638}
{"bids": [[7224.74, 0.19859549], [7224.72, 2.0], [7223.58, 0.3], [7223.47, 0.9754], [7223.03, 2.0], [7219.73, 6.0], [7219.09, 1.0], [7218.31, 0.947], [7217.1, 1.0], [7216.8, 0.00301081]], "asks": [[7227.17, 0.3], [7227.18, 2.5], [7229.88, 0.18453986], [7229.89, 0.19115747], [7229.93, 2.0], [7231.83, 1.0], [7232.48, 6.0], [7233.28, 1.0], [7235.17, 0.673], [7235.36, 1.0]], "ts": 1575268420640}
{"bids": [[7224.74, 0.19859549], [7224.72, 2.0], [7223.58, 0.3], [7223.47, 0.9754], [7223.03, 2.0], [7219.73, 6.0], [7219.09, 1.0], [7218.31, 0.947], [7217.1, 1.0], [7216.8, 0.00301081]], "asks": [[7227.17, 0.3], [7227.18, 2.5], [7229.88, 0.18453986], [7229.89, 0.19115747], [7229.93, 2.0], [7231.83, 1.0], [7232.48, 6.0], [7233.28, 1.0], [7235.17, 0.673], [7235.36, 1.0]], "ts": 1575268420641}
{"bids": [[7224.74, 0.19859549], [7224.72, 2.0], [7223.47, 0.9754], [7223.03, 2.0], [7219.73, 6.0], [7219.09, 1.0], [7218.31, 0.947], [7217.1, 1.0], [7216.8, 0.00301081]], "asks": [[7227.17, 0.3], [7227.18, 2.5], [7229.88, 0.18453986], [7229.89, 0.19115747], [7229.93, 2.0], [7231.83, 1.0], [7232.48, 6.0], [7233.28, 1.0], [7235.17, 0.673], [7235.36, 1.0]], "ts": 1575268420642}
{"bids": [[7224.74, 0.19859549], [7224.72, 2.0], [7224.06, 0.3], [7223.47, 0.9754], [7223.03, 2.0], [7219.73, 6.0], [7219.09, 1.0], [7218.31, 0.947], [7217.1, 1.0], [7216.8, 0.00301081]], "asks": [[7227.17, 0.3], [7227.18, 2.5], [7229.88, 0.18453986], [7229.89, 0.19115747], [7229.93, 2.0], [7231.83, 1.0], [7232.48, 6.0], [7233.28, 1.0], [7235.17, 0.673], [7235.36, 1.0]], "ts": 1575268420642}
{"bids": [[7224.74, 0.19859549], [7224.72, 2.0], [7223.47, 0.9754], [7223.03, 2.0], [7219.73, 6.0], [7219.09, 1.0], [7218.31, 0.947], [7217.1, 1.0], [7216.8, 0.00301081]], "asks": [[7227.17, 0.3], [7227.18, 2.5], [7229.88, 0.18453986], [7229.89, 0.19115747], [7229.93, 2.0], [7231.83, 1.0], [7232.48, 6.0], [7233.28, 1.0], [7235.17, 0.673], [7235.36, 1.0]], "ts": 1575268420643}
{"bids": [[7224.74, 0.19859549], [7224.72, 2.0], [7223.55, 0.3], [7223.47, 0.9754], [7223.03, 2.0], [7219.73, 6.0], [7219.09, 1.0], [7218.31, 0.947], [7217.1, 1.0], [7216.8, 0.00301081]], "asks": [[7227.17, 0.3], [7227.18, 2.5], [7229.88, 0.18453986], [7229.89, 0.19115747], [7229.93, 2.0], [7231.83, 1.0], [7232.48, 6.0], [7233.28, 1.0], [7235.17, 0.673], [7235.36, 1.0]], "ts": 1575268420644}
{"bids": [[7224.74, 0.19859549], [7224.72, 2.0], [7223.55, 0.3], [7223.47, 0.9754], [7223.03, 2.0], [7219.73, 6.0], [7219.09, 1.0], [7218.31, 0.947], [7217.1, 1.0], [7216.8, 0.00301081]], "asks": [[7227.17, 0.3], [7227.18, 2.5], [7229.88, 0.18453986], [7229.89, 0.19115747], [7229.93, 2.0], [7231.83, 1.0], [7232.48, 6.0], [7233.28, 1.0], [7235.17, 0.673], [7235.36, 1.0]], "ts": 1575268420645}
{"bids": [[7224.74, 0.19859549], [7224.72, 2.0], [7223.55, 0.3], [7223.47, 0.9754], [7223.03, 2.0], [7219.73, 6.0], [7219.09, 1.0], [7218.31, 0.947], [7217.1, 1.0], [7216.8, 0.00301081]], "asks": [[7227.17, 0.3], [7227.18, 2.5], [7229.88, 0.18453986], [7229.89, 0.19115747], [7229.93, 2.0], [7231.83, 1.0], [7232.48, 6.0], [7233.28, 1.0], [7235.17, 0.673], [7235.36, 1.0]], "ts": 1575268421004}
{"bids": [[7224.74, 0.19859549], [7224.72, 2.0], [7223.55, 0.3], [7223.47, 0.9754], [7223.03, 2.0], [7219.09, 1.0], [7218.31, 0.947], [7217.1, 1.0], [7216.8, 0.00301081]], "asks": [[7227.17, 0.3], [7227.18, 2.5], [7229.88, 0.18453986], [7229.89, 0.19115747], [7229.93, 2.0], [7231.83, 1.0], [7232.48, 6.0], [7233.28, 1.0], [7235.17, 0.673], [7235.36, 1.0]], "ts": 1575268421005}
{"bids": [[7224.74, 0.19859549], [7224.72, 2.0], [7223.55, 0.3], [7223.47, 0.9754], [7223.03, 2.0], [7219.09, 1.0], [7218.31, 0.947], [7217.1, 1.0], [7216.8, 0.00301081]], "asks": [[7227.17, 0.3], [7227.18, 2.5], [7229.88, 0.18453986], [7229.89, 0.19115747], [7229.93, 2.0], [7231.83, 1.0], [7233.28, 1.0], [7235.17, 0.673], [7235.36, 1.0]], "ts": 1575268421005}
{"bids": [[7224.74, 0.19859549], [7224.72, 2.0], [7223.47, 0.9754], [7223.03, 2.0], [7219.09, 1.0], [7218.31, 0.947], [7217.1, 1.0], [7216.8, 0.00301081]], "asks": [[7227.17, 0.3], [7227.18, 2.5], [7229.88, 0.18453986], [7229.89, 0.19115747], [7229.93, 2.0], [7231.83, 1.0], [7233.28, 1.0], [7235.17, 0.673], [7235.36, 1.0]], "ts": 1575268421006}
{"bids": [[7224.74, 0.19859549], [7224.72, 2.0], [7223.47, 0.9754], [7223.03, 2.0], [7219.09, 1.0], [7218.4, 6.0], [7218.31, 0.947], [7217.1, 1.0], [7216.8, 0.00301081]], "asks": [[7227.17, 0.3], [7227.18, 2.5], [7229.88, 0.18453986], [7229.89, 0.19115747], [7229.93, 2.0], [7231.83, 1.0], [7233.28, 1.0], [7235.17, 0.673], [7235.36, 1.0]], "ts": 1575268421006}
{"bids": [[7224.74, 0.19859549], [7224.72, 2.0], [7223.47, 0.9754], [7223.03, 2.0], [7219.09, 1.0], [7218.4, 6.0], [7218.31, 0.947], [7217.1, 1.0], [7216.8, 0.00301081]], "asks": [[7227.17, 0.3], [7227.18, 2.5], [7229.88, 0.18453986], [7229.89, 0.19115747], [7229.93, 2.0], [7231.14, 6.0], [7231.83, 1.0], [7233.28, 1.0], [7235.17, 0.673], [7235.36, 1.0]], "ts": 1575268421007}
{"bids": [[7224.74, 9e-05], [7224.72, 2.0], [7223.47, 0.9754], [7223.03, 2.0], [7219.09, 1.0], [7218.4, 6.0], [7218.31, 0.947], [7217.1, 1.0], [7216.8, 0.00301081]], "asks": [[7227.17, 0.3], [7227.18, 2.5], [7229.88, 0.18453986], [7229.89, 0.19115747], [7229.93, 2.0], [7231.14, 6.0], [7231.83, 1.0], [7233.28, 1.0], [7235.17, 0.673], [7235.36, 1.0]], "ts": 1575268421008}
{"bids": [[7224.74, 9e-05], [7224.72, 2.0], [7223.48, 0.18843758], [7223.47, 0.9754], [7223.03, 2.0], [7219.09, 1.0], [7218.4, 6.0], [7218.31, 0.947], [7217.1, 1.0], [7216.8, 0.00301081]], "asks": [[7227.17, 0.3], [7227.18, 2.5], [7229.88, 0.18453986], [7229.89, 0.19115747], [7229.93, 2.0], [7231.14, 6.0], [7231.83, 1.0], [7233.28, 1.0], [7235.17, 0.673], [7235.36, 1.0]], "ts": 1575268421009}
{"bids": [[7224.74, 9e-05], [7224.72, 2.0], [7223.48, 0.18843758], [7223.47, 0.9754], [7223.03, 2.0], [7223.0, 0.3], [7219.09, 1.0], [7218.4, 6.0], [7218.31, 0.947], [7217.1, 1.0]], "asks": [[7227.17, 0.3], [7227.18, 2.5], [7229.88, 0.18453986], [7229.89, 0.19115747], [7229.93, 2.0], [7231.14, 6.0], [7231.83, 1.0], [7233.28, 1.0], [7235.17, 0.673], [7235.36, 1.0]], "ts": 1575268421009}
{"bids": [[7224.72, 2.0], [7223.48, 0.18843758], [7223.47, 0.9754], [7223.03, 2.0], [7223.0, 0.3], [7219.09, 1.0], [7218.4, 6.0], [7218.31, 0.947], [7217.1, 1.0]], "asks": [[7227.17, 0.3], [7227.18, 2.5], [7229.88, 0.18453986], [7229.89, 0.19115747], [7229.93, 2.0], [7231.14, 6.0], [7231.83, 1.0], [7233.28, 1.0], [7235.17, 0.673], [7235.36, 1.0]], "ts": 1575268421010}
{"bids": [[7224.72, 2.00009], [7223.48, 0.18843758], [7223.47, 0.9754], [7223.03, 2.0], [7223.0, 0.3], [7219.09, 1.0], [7218.4, 6.0], [7218.31, 0.947], [7217.1, 1.0]], "asks": [[7227.17, 0.3], [7227.18, 2.5], [7229.88, 0.18453986], [7229.89, 0.19115747], [7229.93, 2.0], [7231.14, 6.0], [7231.83, 1.0], [7233.28, 1.0], [7235.17, 0.673], [7235.36, 1.0]], "ts": 1575268421010}
{"bids": [[7224.73, 0.18137527], [7224.72, 2.00009], [7223.48, 0.18843758], [7223.47, 0.9754], [7223.03, 2.0], [7223.0, 0.3], [7219.09, 1.0], [7218.4, 6.0], [7218.31, 0.947], [7217.1, 1.0]], "asks": [[7227.17, 0.3], [7227.18, 2.5], [7229.88, 0.18453986], [7229.89, 0.19115747], [7229.93, 2.0], [7231.14, 6.0], [7231.83, 1.0], [7233.28, 1.0], [7235.17, 0.673], [7235.36, 1.0]], "ts": 1575268421011}
{"bids": [[7224.73, 0.18137527], [7224.72, 2.00009], [7223.47, 0.9754], [7223.03, 2.0], [7223.0, 0.3], [7219.09, 1.0], [7218.4, 6.0], [7218.31, 0.947], [7217.1, 1.0]], "asks": [[7227.17, 0.3], [7227.18, 2.5], [7229.88, 0.18453986], [7229.89, 0.19115747], [7229.93, 2.0], [7231.14, 6.0], [7231.83, 1.0], [7233.28, 1.0], [7235.17, 0.673], [7235.36, 1.0]], "ts": 1575268421012}
{"bids": [[7224.73, 0.18137527], [7224.72, 2.00009], [7223.47, 0.9754], [7223.03, 2.0], [7223.0, 0.3], [7219.09, 1.0], [7218.4, 6.0], [7218.31, 0.947], [7217.1, 1.0]], "asks": [[7227.17, 0.3], [7227.18, 2.5], [7229.88, 0.18453986], [7229.89, 0.19115747], [7229.93, 2.0], [7231.14, 6.0], [7231.83, 1.0], [7233.28, 1.0], [7235.17, 0.673], [7235.36, 1.0]], "ts": 1575268421012}
{"bids": [[7224.73, 0.18137527], [7224.72, 9e-05], [7223.47, 0.9754], [7223.03, 2.0], [7223.0, 0.3], [7219.09, 1.0], [7218.4, 6.0], [7218.31, 0.947], [7217.1, 1.0]], "asks": [[7227.17, 0.3], [7227.18, 2.5], [7229.88, 0.18453986], [7229.89, 0.19115747], [7229.93, 2.0], [7231.14, 6.0], [7231.83, 1.0], [7233.28, 1.0], [7235.17, 0.673], [7235.36, 1.0]], "ts": 1575268421013}
{"bids": [[7224.72, 9e-05], [7223.47, 0.9754], [7223.03, 2.0], [7223.0, 0.3], [7219.09, 1.0], [7218.4, 6.0], [7218.31, 0.947], [7217.1, 1.0]], "asks": [[7227.17, 0.3], [7227.18, 2.5], [7229.88, 0.18453986], [7229.89, 0.19115747], [7229.93, 2.0], [7231.14, 6.0], [7231.83, 1.0], [7233.28, 1.0], [7235.17, 0.673], [7235.36, 1.0]], "ts": 1575268421013}
{"bids": [[7224.72, 9e-05], [7223.48, 0.18137527], [7223.47, 0.9754], [7223.03, 2.0], [7223.0, 0.3], [7219.09, 1.0], [7218.4, 6.0], [7218.31, 0.947], [7217.1, 1.0]], "asks": [[7227.17, 0.3], [7227.18, 2.5], [7229.88, 0.18453986], [7229.89, 0.19115747], [7229.93, 2.0], [7231.14, 6.0], [7231.83, 1.0], [7233.28, 1.0], [7235.17, 0.673], [7235.36, 1.0]], "ts": 1575268421014}
{"bids": [[7224.72, 9e-05], [7223.48, 0.18137527], [7223.47, 0.9754], [7223.03, 2.0], [7223.0, 0.3], [7219.09, 1.0], [7218.4, 6.0], [7218.31, 0.947], [7217.1, 1.0]], "asks": [[7227.16, 0.18137527], [7227.17, 0.3], [7227.18, 2.5], [7229.88, 0.18453986], [7229.89, 0.19115747], [7229.93, 2.0], [7231.14, 6.0], [7231.83, 1.0], [7233.28, 1.0], [7235.17, 0.673]], "ts": 1575268421014}
{"bids": [[7224.72, 9e-05], [7223.48, 0.18137527], [7223.47, 0.9754], [7223.03, 2.0], [7223.0, 0.3], [7219.09, 1.0], [7218.4, 6.0], [7218.31, 0.947], [7217.1, 1.0]], "asks": [[7227.16, 0.18137527], [7227.17, 0.3], [7227.18, 2.5], [7229.88, 0.18453986], [7229.93, 2.0], [7231.14, 6.0], [7231.83, 1.0], [7233.28, 1.0], [7235.17, 0.673]], "ts": 1575268421015}
{"bids": [[7224.72, 9e-05], [7223.48, 0.18137527], [7223.47, 0.9754], [7223.03, 2.0], [7223.0, 0.3], [7219.09, 1.0], [7218.4, 6.0], [7218.31, 0.947], [7217.1, 1.0]], "asks": [[7227.17, 0.3], [7227.18, 2.5], [7229.88, 0.18453986], [7229.93, 2.0], [7231.14, 6.0], [7231.83, 1.0], [7233.28, 1.0], [7235.17, 0.673]], "ts": 1575268421016}
{"bids": [[7224.72, 9e-05], [7223.48, 0.18137527], [7223.47, 0.9754], [7223.03, 2.0], [7223.0, 0.3], [7219.09, 1.0], [7218.4, 6.0], [7218.31, 0.947], [7217.1, 1.0]], "asks": [[7227.17, 0.3], [7227.18, 2.5], [7229.87, 0.18137527], [7229.88, 0.18453986], [7229.93, 2.0], [7231.14, 6.0], [7231.83, 1.0], [7233.28, 1.0], [7235.17, 0.673]], "ts": 1575268421017}
{"bids": [[7224.72, 9e-05], [7223.48, 0.18137527], [7223.47, 0.9754], [7223.03, 2.0], [7219.09, 1.0], [7218.4, 6.0], [7218.31, 0.947], [7217.1, 1.0]], "asks": [[7227.17, 0.3], [7227.18, 2.5], [7229.87, 0.18137527], [7229.88, 0.18453986], [7229.93, 2.0], [7231.14, 6.0], [7231.83, 1.0], [7233.28, 1.0], [7235.17, 0.673]], "ts": 1575268421018}
{"bids": [[7224.72, 9e-05], [7223.48, 0.18137527], [7223.47, 0.9754], [7223.03, 2.0], [7219.09, 1.0], [7218.4, 6.0], [7218.31, 0.947], [7217.1, 1.0]], "asks": [[7227.16, 0.18137527], [7227.17, 0.3], [7227.18, 2.5], [7229.87, 0.18137527], [7229.88, 0.18453986], [7229.93, 2.0], [7231.14, 6.0], [7231.83, 1.0], [7233.28, 1.0], [7235.17, 0.673]], "ts": 1575268421019}
{"bids": [[7224.72, 9e-05], [7223.48, 0.18137527], [7223.47, 0.9754], [7223.03, 2.0], [7219.09, 1.0], [7218.4, 6.0], [7218.31, 0.947], [7217.1, 1.0]], "asks": [[7227.16, 0.18137527], [7227.17, 0.3], [7227.18, 2.5], [7229.88, 0.18453986], [7229.93, 2.0], [7231.14, 6.0], [7231.83, 1.0], [7233.28, 1.0], [7235.17, 0.673]], "ts": 1575268421019}
{"bids": [[7224.72, 9e-05], [7223.48, 0.18137527], [7223.03, 2.0], [7219.09, 1.0], [7218.4, 6.0], [7218.31, 0.947], [7217.1, 1.0]], "asks": [[7227.16, 0.18137527], [7227.17, 0.3], [7227.18, 2.5], [7229.88, 0.18453986], [7229.93, 2.0], [7231.14, 6.0], [7231.83, 1.0], [7233.28, 1.0], [7235.17, 0.673]], "ts": 1575268421020}
{"bids": [[7224.72, 9e-05], [7223.48, 0.18137527], [7223.03, 2.0], [7219.09, 1.0], [7218.4, 6.0], [7218.31, 0.947], [7217.1, 1.0]], "asks": [[7227.16, 0.18137527], [7227.18, 2.5], [7229.88, 0.18453986], [7229.93, 2.0], [7231.14, 6.0], [7231.83, 1.0], [7233.28, 1.0], [7235.17, 0.673]], "ts": 1575268421021}
{"bids": [[7224.72, 9e-05], [7223.48, 0.18137527], [7223.03, 2.0], [7219.09, 1.0], [7218.4, 6.0], [7218.31, 0.947], [7217.1, 1.0]], "asks": [[7227.15, 2.0], [7227.16, 0.18137527], [7227.18, 2.5], [7229.88, 0.18453986], [7229.93, 2.0], [7231.14, 6.0], [7231.83, 1.0], [7233.28, 1.0], [7235.17, 0.673]], "ts": 1575268421022}
{"bids": [[7224.72, 9e-05], [7223.48, 0.18137527], [7223.03, 2.0], [7222.44, 0.3], [7219.09, 1.0], [7218.4, 6.0], [7218.31, 0.947], [7217.1, 1.0]], "asks": [[7227.15, 2.0], [7227.16, 0.18137527], [7227.18, 2.5], [7229.88, 0.18453986], [7229.93, 2.0], [7231.14, 6.0], [7231.83, 1.0], [7233.28, 1.0], [7235.17, 0.673]], "ts": 1575268421022}
{"bids": [[7224.72, 9e-05], [7223.48, 0.18137527], [7223.03, 2.0], [7222.44, 0.3], [7219.09, 1.0], [7218.4, 6.0], [7218.31, 0.947], [7217.1, 1.0]], "asks": [[7227.15, 2.0], [7227.16, 0.48137527], [7227.18, 2.5], [7229.88, 0.18453986], [7229.93, 2.0], [7231.14, 6.0], [7231.83, 1.0], [7233.28, 1.0], [7235.17, 0.673]], "ts": 1575268421023}
{"bids": [[7223.48, 0.18137527], [7223.03, 2.0], [7222.44, 0.3], [7219.09, 1.0], [7218.4, 6.0], [7218.31, 0.947], [7217.1, 1.0]], "asks": [[7227.15, 2.0], [7227.16, 0.48137527], [7227.18, 2.5], [7229.88, 0.18453986], [7229.93, 2.0], [7231.14, 6.0], [7231.83, 1.0], [7233.28, 1.0], [7235.17, 0.673]], "ts": 1575268421024}
{"bids": [[7223.48, 0.18137527], [7223.03, 2.0], [7222.44, 0.3], [7219.09, 1.0], [7218.4, 6.0], [7218.31, 0.947], [7217.1, 1.0]], "asks": [[7227.15, 2.0], [7227.16, 0.18137527], [7227.18, 2.5], [7229.88, 0.18453986], [7229.93, 2.0], [7231.14, 6.0], [7231.83, 1.0], [7233.28, 1.0], [7235.17, 0.673]], "ts": 1575268421025}
{"bids": [[7223.48, 0.18137527], [7223.03, 2.0], [7222.44, 0.3], [7219.09, 1.0], [7218.4, 6.0], [7218.31, 0.947], [7217.1, 1.0]], "asks": [[7227.15, 2.0], [7227.16, 0.36202023], [7227.18, 2.5], [7229.88, 0.18453986], [7229.93, 2.0], [7231.14, 6.0], [7231.83, 1.0], [7233.28, 1.0], [7235.17, 0.673]], "ts": 1575268421025}
{"bids": [[7223.48, 0.18137527], [7223.03, 2.0], [7222.44, 0.3], [7219.09, 1.0], [7218.4, 6.0], [7218.31, 0.947], [7217.1, 1.0]], "asks": [[7227.15, 2.0], [7227.16, 0.36202023], [7227.18, 2.5], [7229.93, 2.0], [7231.14, 6.0], [7231.83, 1.0], [7233.28, 1.0], [7235.17, 0.673]], "ts": 1575268421026}
{"bids": [[7223.03, 2.0], [7222.44, 0.3], [7219.09, 1.0], [7218.4, 6.0], [7218.31, 0.947], [7217.1, 1.0]], "asks": [[7227.15, 2.0], [7227.16, 0.36202023], [7227.18, 2.5], [7229.93, 2.0], [7231.14, 6.0], [7231.83, 1.0], [7233.28, 1.0], [7235.17, 0.673]], "ts": 1575268421026}
{"bids": [[7223.48, 9e-05], [7223.03, 2.0], [7222.44, 0.3], [7219.09, 1.0], [7218.4, 6.0], [7218.31, 0.947], [7217.1, 1.0]], "asks": [[7227.15, 2.0], [7227.16, 0.36202023], [7227.18, 2.5], [7229.93, 2.0], [7231.14, 6.0], [7231.83, 1.0], [7233.28, 1.0], [7235.17, 0.673]], "ts": 1575268421027}
{"bids": [[7223.48, 9e-05], [7223.03, 2.0], [7222.45, 0.18137527], [7222.44, 0.3], [7219.09, 1.0], [7218.4, 6.0], [7218.31, 0.947], [7217.1, 1.0]], "asks": [[7227.15, 2.0], [7227.16, 0.36202023], [7227.18, 2.5], [7229.93, 2.0], [7231.14, 6.0], [7231.83, 1.0], [7233.28, 1.0], [7235.17, 0.673]], "ts": 1575268421028}
{"bids": [[7223.48, 9e-05], [7223.03, 2.0], [7222.45, 0.18137527], [7222.44, 0.3], [7219.09, 1.0], [7218.4, 6.0], [7218.31, 0.947], [7217.1, 1.0]], "asks": [[7227.15, 2.0], [7227.16, 0.18137527], [7227.18, 2.5], [7229.93, 2.0], [7231.14, 6.0], [7231.83, 1.0], [7233.28, 1.0], [7235.17, 0.673]], "ts": 1575268421028}
{"bids": [[7223.48, 9e-05], [7223.03, 2.0], [7222.45, 0.18137527], [7222.44, 0.3], [7219.09, 1.0], [7218.4, 6.0], [7218.31, 0.947], [7217.1, 1.0]], "asks": [[7227.15, 2.0], [7227.16, 0.18137527], [7227.18, 2.5], [7229.92, 0.18064496], [7229.93, 2.0], [7231.14, 6.0], [7231.83, 1.0], [7233.28, 1.0], [7235.17, 0.673]], "ts": 1575268421029}
{"bids": [[7223.48, 9e-05], [7223.03, 2.0], [7222.45, 0.18137527], [7222.44, 0.3], [7219.09, 1.0], [7218.4, 6.0], [7218.31, 0.947], [7217.1, 1.0]], "asks": [[7227.14, 0.3], [7227.15, 2.0], [7227.16, 0.18137527], [7227.18, 2.5], [7229.92, 0.18064496], [7229.93, 2.0], [7231.14, 6.0], [7231.83, 1.0], [7233.28, 1.0], [7235.17, 0.673]], "ts": 1575268421030}
{"bids": [[7223.48, 0.18146527], [7223.03, 2.0], [7222.45, 0.18137527], [7222.44, 0.3], [7219.09, 1.0], [7218.4, 6.0], [7218.31, 0.947], [7217.1, 1.0]], "asks": [[7227.14, 0.3], [7227.15, 2.0], [7227.16, 0.18137527], [7227.18, 2.5], [7229.92, 0.18064496], [7229.93, 2.0], [7231.14, 6.0], [7231.83, 1.0], [7233.28, 1.0], [7235.17, 0.673]], "ts": 1575268421031}
{"bids": [[7223.48, 0.18146527], [7223.03, 2.0], [7222.44, 0.3], [7219.09, 1.0], [7218.4, 6.0], [7218.31, 0.947], [7217.1, 1.0]], "asks": [[7227.14, 0.3], [7227.15, 2.0], [7227.16, 0.18137527], [7227.18, 2.5], [7229.92, 0.18064496], [7229.93, 2.0], [7231.14, 6.0], [7231.83, 1.0], [7233.28, 1.0], [7235.17, 0.673]], "ts": 1575268421032}
{"bids": [[7223.48, 0.18146527], [7223.03, 2.0], [7222.44, 0.3], [7219.09, 1.0], [7218.4, 6.0], [7218.31, 0.947], [7217.1, 1.0], [7192.81, 0.1]], "asks": [[7227.14, 0.3], [7227.15, 2.0], [7227.16, 0.18137527], [7227.18, 2.5], [7229.92, 0.18064496], [7229.93, 2.0], [7231.14, 6.0], [7231.83, 1.0], [7233.28, 1.0], [7235.17, 0.673]], "ts": 1575268421032}
{"bids": [[7223.48, 0.18146527], [7223.03, 2.0], [7222.44, 0.3], [7219.09, 1.0], [7218.4, 6.0], [7218.31, 0.947], [7217.1, 1.0], [7192.81, 0.1]], "asks": [[7227.13, 0.18064496], [7227.14, 0.3], [7227.15, 2.0], [7227.16, 0.18137527], [7227.18, 2.5], [7229.92, 0.18064496], [7229.93, 2.0], [7231.14, 6.0], [7231.83, 1.0], [7233.28, 1.0]], "ts": 1575268421033}
{"bids": [[7223.48, 0.18146527], [7223.03, 2.0], [7222.44, 0.3], [7219.09, 1.0], [7218.4, 6.0], [7218.31, 0.947], [7217.1, 1.0], [7192.81, 0.1]], "asks": [[7227.13, 0.18064496], [7227.14, 0.3], [7227.15, 2.0], [7227.16, 0.18137527], [7227.18, 2.5], [7229.93, 2.0], [7231.14, 6.0], [7231.83, 1.0], [7233.28, 1.0]], "ts": 1575268421034}
{"bids": [[7223.48, 9e-05], [7223.03, 2.0], [7222.44, 0.3], [7219.09, 1.0], [7218.4, 6.0], [7218.31, 0.947], [7217.1, 1.0], [7192.81, 0.1]], "asks": [[7227.13, 0.18064496], [7227.14, 0.3], [7227.15, 2.0], [7227.16, 0.18137527], [7227.18, 2.5], [7229.93, 2.0], [7231.14, 6.0], [7231.83, 1.0], [7233.28, 1.0]], "ts": 1575268421035}
{"bids": [[7223.48, 9e-05], [7223.03, 2.0], [7222.45, 0.18137527], [7222.44, 0.3], [7219.09, 1.0], [7218.4, 6.0], [7218.31, 0.947], [7217.1, 1.0], [7192.81, 0.1]], "asks": [[7227.13, 0.18064496], [7227.14, 0.3], [7227.15, 2.0], [7227.16, 0.18137527], [7227.18, 2.5], [7229.93, 2.0], [7231.14, 6.0], [7231.83, 1.0], [7233.28, 1.0]], "ts": 1575268421036}
{"bids": [[7223.48, 9e-05], [7223.03, 2.0], [7222.45, 0.18137527], [7222.44, 0.3], [7219.09, 1.0], [7218.4, 6.0], [7218.31, 0.947], [7217.1, 1.0], [7192.81, 0.1]], "asks": [[7227.13, 0.18064496], [7227.15, 2.0], [7227.16, 0.18137527], [7227.18, 2.5], [7229.93, 2.0], [7231.14, 6.0], [7231.83, 1.0], [7233.28, 1.0]], "ts": 1575268421036}
{"bids": [[7223.03, 2.0], [7222.45, 0.18137527], [7222.44, 0.3], [7219.09, 1.0], [7218.4, 6.0], [7218.31, 0.947], [7217.1, 1.0], [7192.81, 0.1]], "asks": [[7227.13, 0.18064496], [7227.15, 2.0], [7227.16, 0.18137527], [7227.18, 2.5], [7229.93, 2.0], [7231.14, 6.0], [7231.83, 1.0], [7233.28, 1.0]], "ts": 1575268421037}
{"bids": [[7223.03, 2.0], [7222.45, 0.18137527], [7222.44, 0.3], [7219.09, 1.0], [7218.4, 6.0], [7218.31, 0.947], [7217.1, 1.0], [7192.81, 0.1]], "asks": [[7227.12, 0.3], [7227.13, 0.18064496], [7227.15, 2.0], [7227.16, 0.18137527], [7227.18, 2.5], [7229.93, 2.0], [7231.14, 6.0], [7231.83, 1.0], [7233.28, 1.0]], "ts": 1575268421038}
{"bids": [[7223.03, 2.00009], [7222.45, 0.18137527], [7222.44, 0.3], [7219.09, 1.0], [7218.4, 6.0], [7218.31, 0.947], [7217.1, 1.0], [7192.81, 0.1]], "asks": [[7227.12, 0.3], [7227.13, 0.18064496], [7227.15, 2.0], [7227.16, 0.18137527], [7227.18, 2.5], [7229.93, 2.0], [7231.14, 6.0], [7231.83, 1.0], [7233.28, 1.0]], "ts": 1575268421039}
{"bids": [[7223.03, 2.00009], [7222.45, 0.18137527], [7222.44, 0.3], [7219.09, 1.0], [7218.4, 6.0], [7218.31, 0.947], [7217.1, 1.0], [7192.81, 0.1]], "asks": [[7227.12, 0.3], [7227.13, 0.18064496], [7227.15, 2.0], [7227.16, 0.18137527], [7227.18, 2.5], [7229.55, 1.0], [7229.93, 2.0], [7231.14, 6.0], [7231.83, 1.0], [7233.28, 1.0]], "ts": 1575268421039}
{"bids": [[7223.03, 2.00009], [7222.45, 0.18137527], [7222.44, 0.3], [7219.09, 1.0], [7218.4, 6.0], [7218.31, 0.947], [7217.1, 1.0], [7200.0, 0.00067], [7192.81, 0.1]], "asks": [[7227.12, 0.3], [7227.13, 0.18064496], [7227.15, 2.0], [7227.16, 0.18137527], [7227.18, 2.5], [7229.55, 1.0], [7229.93, 2.0], [7231.14, 6.0], [7231.83, 1.0], [7233.28, 1.0]], "ts": 1575268421040}
{"bids": [[7223.03, 2.00009], [7222.45, 0.18137527], [7222.44, 0.3], [7218.4, 6.0], [7218.31, 0.947], [7217.1, 1.0], [7200.0, 0.00067], [7192.81, 0.1]], "asks": [[7227.12, 0.3], [7227.13, 0.18064496], [7227.15, 2.0], [7227.16, 0.18137527], [7227.18, 2.5], [7229.55, 1.0], [7229.93, 2.0], [7231.14, 6.0], [7231.83, 1.0], [7233.28, 1.0]], "ts": 1575268421042}
{"bids": [[7223.03, 2.00009], [7222.45, 0.18137527], [7222.44, 0.3], [7218.4, 6.0], [7218.31, 0.947], [7217.1, 1.0], [7200.0, 0.00067], [7192.81, 0.1], [7178.1, 0.05]], "asks": [[7227.12, 0.3], [7227.13, 0.18064496], [7227.15, 2.0], [7227.16, 0.18137527], [7227.18, 2.5], [7229.55, 1.0], [7229.93, 2.0], [7231.14, 6.0], [7231.83, 1.0], [7233.28, 1.0]], "ts": 1575268421042}
{"bids": [[7223.03, 2.00009], [7222.44, 0.3], [7218.4, 6.0], [7218.31, 0.947], [7217.1, 1.0], [7200.0, 0.00067], [7192.81, 0.1], [7178.1, 0.05]], "asks": [[7227.12, 0.3], [7227.13, 0.18064496], [7227.15, 2.0], [7227.16, 0.18137527], [7227.18, 2.5], [7229.55, 1.0], [7229.93, 2.0], [7231.14, 6.0], [7231.83, 1.0], [7233.28, 1.0]], "ts": 1575268421043}
{"bids": [[7223.03, 2.00009], [7222.44, 0.3], [7218.4, 6.0], [7218.31, 0.947], [7217.1, 1.0], [7200.0, 0.00067], [7192.81, 0.1], [7178.1, 0.05]], "asks": [[7227.12, 0.3], [7227.13, 0.18064496], [7227.16, 0.18137527], [7227.18, 2.5], [7229.55, 1.0], [7229.93, 2.0], [7231.14, 6.0], [7231.83, 1.0], [7233.28, 1.0]], "ts": 1575268421043}
{"bids": [[7223.03, 2.00009], [7222.45, 0.18137527], [7222.44, 0.3], [7218.4, 6.0], [7218.31, 0.947], [7217.1, 1.0], [7200.0, 0.00067], [7192.81, 0.1], [7178.1, 0.05]], "asks": [[7227.12, 0.3], [7227.13, 0.18064496], [7227.16, 0.18137527], [7227.18, 2.5], [7229.55, 1.0], [7229.93, 2.0], [7231.14, 6.0], [7231.83, 1.0], [7233.28, 1.0]], "ts": 1575268421044}
{"bids": [[7223.03, 2.00009], [7222.45, 0.18137527], [7218.4, 6.0], [7218.31, 0.947], [7217.1, 1.0], [7200.0, 0.00067], [7192.81, 0.1], [7178.1, 0.05]], "asks": [[7227.12, 0.3], [7227.13, 0.18064496], [7227.16, 0.18137527], [7227.18, 2.5], [7229.55, 1.0], [7229.93, 2.0], [7231.14, 6.0], [7231.83, 1.0], [7233.28, 1.0]], "ts": 1575268421044}
{"bids": [[7223.03, 2.00009], [7218.4, 6.0], [7218.31, 0.947], [7217.1, 1.0], [7200.0, 0.00067], [7192.81, 0.1], [7178.1, 0.05]], "asks": [[7227.12, 0.3], [7227.13, 0.18064496], [7227.16, 0.18137527], [7227.18, 2.5], [7229.55, 1.0], [7229.93, 2.0], [7231.14, 6.0], [7231.83, 1.0], [7233.28, 1.0]], "ts": 1575268421045}
{"bids": [[7223.03, 2.00009], [7218.9, 0.9967], [7218.4, 6.0], [7218.31, 0.947], [7217.1, 1.0], [7200.0, 0.00067], [7192.81, 0.1], [7178.1, 0.05]], "asks": [[7227.12, 0.3], [7227.13, 0.18064496], [7227.16, 0.18137527], [7227.18, 2.5], [7229.55, 1.0], [7229.93, 2.0], [7231.14, 6.0], [7231.83, 1.0], [7233.28, 1.0]], "ts": 1575268421045}
{"bids": [[7223.03, 2.00009], [7218.91, 0.18137527], [7218.9, 0.9967], [7218.4, 6.0], [7218.31, 0.947], [7217.1, 1.0], [7200.0, 0.00067], [7192.81, 0.1], [7178.1, 0.05]], "asks": [[7227.12, 0.3], [7227.13, 0.18064496], [7227.16, 0.18137527], [7227.18, 2.5], [7229.55, 1.0], [7229.93, 2.0], [7231.14, 6.0], [7231.83, 1.0], [7233.28, 1.0]], "ts": 1575268421046}
{"bids": [[7223.03, 2.00009], [7222.92, 0.3], [7218.91, 0.18137527], [7218.9, 0.9967], [7218.4, 6.0], [7218.31, 0.947], [7217.1, 1.0], [7200.0, 0.00067], [7192.81, 0.1], [7178.1, 0.05]], "asks": [[7227.12, 0.3], [7227.13, 0.18064496], [7227.16, 0.18137527], [7227.18, 2.5], [7229.55, 1.0], [7229.93, 2.0], [7231.14, 6.0], [7231.83, 1.0], [7233.28, 1.0]], "ts": 1575268421047}
{"bids": [[7223.03, 2.00009], [7222.93, 0.18137527], [7222.92, 0.3], [7218.91, 0.18137527], [7218.9, 0.9967], [7218.4, 6.0], [7218.31, 0.947], [7217.1, 1.0], [7200.0, 0.00067], [7192.81, 0.1]], "asks": [[7227.12, 0.3], [7227.13, 0.18064496], [7227.16, 0.18137527], [7227.18, 2.5], [7229.55, 1.0], [7229.93, 2.0], [7231.14, 6.0], [7231.83, 1.0], [7233.28, 1.0]], "ts": 1575268421047}
{"bids": [[7223.03, 2.00009], [7222.93, 0.18137527], [7222.92, 0.3], [7218.9, 0.9967], [7218.4, 6.0], [7218.31, 0.947], [7217.1, 1.0], [7200.0, 0.00067], [7192.81, 0.1]], "asks": [[7227.12, 0.3], [7227.13, 0.18064496], [7227.16, 0.18137527], [7227.18, 2.5], [7229.55, 1.0], [7229.93, 2.0], [7231.14, 6.0], [7231.83, 1.0], [7233.28, 1.0]], "ts": 1575268421048}
{"bids": [[7223.03, 2.00009], [7222.93, 0.18137527], [7222.92, 0.3], [7218.9, 0.9967], [7218.4, 6.0], [7218.31, 0.947], [7217.1, 1.0], [7200.0, 0.00067], [7192.81, 0.1]], "asks": [[7227.12, 0.3], [7227.16, 0.18137527], [7227.18, 2.5], [7229.55, 1.0], [7229.93, 2.0], [7231.14, 6.0], [7231.83, 1.0], [7233.28, 1.0]], "ts": 1575268421048}
{"bids": [[7223.03, 2.00009], [7222.93, 0.18137527], [7222.92, 0.3], [7218.9, 0.9967], [7218.4, 6.0], [7218.31, 0.947], [7217.1, 1.0], [7200.0, 0.00067], [7192.81, 0.1]], "asks": [[7227.12, 0.3], [7227.16, 0.18137527], [7227.18, 2.5], [7229.54, 0.18064496], [7229.55, 1.0], [7229.93, 2.0], [7231.14, 6.0], [7231.83, 1.0], [7233.28, 1.0]], "ts": 1575268421049}
{"bids": [[7223.03, 2.00009], [7222.93, 0.18137527], [7222.92, 0.3], [7218.9, 0.9967], [7218.4, 6.0], [7218.31, 0.947], [7217.1, 1.0], [7200.0, 0.05067], [7192.81, 0.1]], "asks": [[7227.12, 0.3], [7227.16, 0.18137527], [7227.18, 2.5], [7229.54, 0.18064496], [7229.55, 1.0], [7229.93, 2.0], [7231.14, 6.0], [7231.83, 1.0], [7233.28, 1.0]], "ts": 1575268421049}
{"bids": [[7223.03, 2.00009], [7222.93, 0.18137527], [7222.92, 0.3], [7218.9, 0.9967], [7218.4, 6.0], [7217.1, 1.0], [7200.0, 0.05067], [7192.81, 0.1]], "asks": [[7227.12, 0.3], [7227.16, 0.18137527], [7227.18, 2.5], [7229.54, 0.18064496], [7229.55, 1.0], [7229.93, 2.0], [7231.14, 6.0], [7231.83, 1.0], [7233.28, 1.0]], "ts": 1575268421050}
{"bids": [[7223.03, 2.00009], [7222.93, 0.18137527], [7222.92, 0.3], [7218.9, 0.9967], [7218.4, 6.0], [7217.1, 1.0], [7213.11, 0.826], [7200.0, 0.05067], [7192.81, 0.1]], "asks": [[7227.12, 0.3], [7227.16, 0.18137527], [7227.18, 2.5], [7229.54, 0.18064496], [7229.55, 1.0], [7229.93, 2.0], [7231.14, 6.0], [7231.83, 1.0], [7233.28, 1.0]], "ts": 1575268421050}
{"bids": [[7223.03, 2.00009], [7222.93, 0.18137527], [7218.9, 0.9967], [7218.4, 6.0], [7217.1, 1.0], [7213.11, 0.826], [7200.0, 0.05067], [7192.81, 0.1]], "asks": [[7227.12, 0.3], [7227.16, 0.18137527], [7227.18, 2.5], [7229.54, 0.18064496], [7229.55, 1.0], [7229.93, 2.0], [7231.14, 6.0], [7231.83, 1.0], [7233.28, 1.0]], "ts": 1575268421051}
{"bids": [[7223.04, 0.3], [7223.03, 2.00009], [7222.93, 0.18137527], [7218.9, 0.9967], [7218.4, 6.0], [7217.1, 1.0], [7213.11, 0.826], [7200.0, 0.05067], [7192.81, 0.1]], "asks": [[7227.12, 0.3], [7227.16, 0.18137527], [7227.18, 2.5], [7229.54, 0.18064496], [7229.55, 1.0], [7229.93, 2.0], [7231.14, 6.0], [7231.83, 1.0], [7233.28, 1.0]], "ts": 1575268421051}
{"bids": [[7223.04, 0.3], [7223.03, 2.0], [7222.93, 0.18137527], [7218.9, 0.9967], [7218.4, 6.0], [7217.1, 1.0], [7213.11, 0.826], [7200.0, 0.05067], [7192.81, 0.1]], "asks": [[7227.12, 0.3], [7227.16, 0.18137527], [7227.18, 2.5], [7229.54, 0.18064496], [7229.55, 1.0], [7229.93, 2.0], [7231.14, 6.0], [7231.83, 1.0], [7233.28, 1.0]], "ts": 1575268421052}
{"bids": [[7223.04, 0.30009], [7223.03, 2.0], [7222.93, 0.18137527], [7218.9, 0.9967], [7218.4, 6.0], [7217.1, 1.0], [7213.11, 0.826], [7200.0, 0.05067], [7192.81, 0.1]], "asks": [[7227.12, 0.3], [7227.16, 0.18137527], [7227.18, 2.5], [7229.54, 0.18064496], [7229.55, 1.0], [7229.93, 2.0], [7231.14, 6.0], [7231.83, 1.0], [7233.28, 1.0]], "ts": 1575268422360}
{"bids": [[7223.04, 0.30009], [7223.03, 2.0], [7222.93, 0.18137527], [7218.9, 0.9967], [7218.4, 6.0], [7217.1, 1.0], [7213.11, 0.826], [7206.11, 0.39546008], [7200.0, 0.05067], [7192.81, 0.1]], "asks": [[7227.12, 0.3], [7227.16, 0.18137527], [7227.18, 2.5], [7229.54, 0.18064496], [7229.55, 1.0], [7229.93, 2.0], [7231.14, 6.0], [7231.83, 1.0], [7233.28, 1.0]], "ts": 1575268422362}
{"bids": [[7223.04, 0.30009], [7223.03, 2.0], [7222.93, 0.18137527], [7218.9, 0.9967], [7218.4, 6.0], [7217.1, 1.0], [7213.11, 0.826], [7206.11, 0.39546008], [7200.0, 0.05067], [7192.81, 0.1]], "asks": [[7227.12, 0.3], [7227.16, 0.18137527], [7227.18, 2.5], [7229.54, 0.18064496], [7229.55, 1.0], [7229.93, 2.0], [7231.14, 6.0], [7231.83, 1.0], [7233.28, 1.0]], "ts": 1575268422364}
{"bids": [[7223.04, 0.30009], [7223.03, 2.0], [7222.93, 0.18137527], [7218.9, 0.9967], [7218.4, 6.0], [7217.1, 1.0], [7213.11, 0.826], [7206.11, 0.39546008], [7200.0, 0.05067], [7192.81, 0.1]], "asks": [[7227.12, 0.3], [7227.16, 0.18137527], [7227.18, 2.5], [7229.54, 0.18064496], [7229.55, 1.0], [7229.93, 2.0], [7231.14, 6.0], [7231.83, 1.0], [7233.28, 1.0], [7234.15, 6.0371]], "ts": 1575268422365}
{"bids": [[7223.04, 0.30009], [7223.03, 2.0], [7222.93, 0.18137527], [7218.9, 0.9967], [7218.4, 6.0], [7217.1, 1.0], [7213.11, 0.826], [7211.45, 1.0], [7206.11, 0.39546008], [7200.0, 0.05067]], "asks": [[7227.12, 0.3], [7227.16, 0.18137527], [7227.18, 2.5], [7229.54, 0.18064496], [7229.55, 1.0], [7229.93, 2.0], [7231.14, 6.0], [7231.83, 1.0], [7233.28, 1.0], [7234.15, 6.0371]], "ts": 1575268422367}
{"bids": [[7223.04, 0.30009], [7223.03, 2.0], [7222.93, 0.18137527], [7218.9, 0.9967], [7218.4, 6.0], [7217.1, 1.0], [7213.11, 0.826], [7211.45, 1.0], [7206.11, 0.39546008], [7200.0, 0.05067]], "asks": [[7227.12, 0.3], [7227.16, 0.18137527], [7227.18, 2.5], [7229.54, 0.18064496], [7229.55, 1.0], [7229.93, 2.0], [7231.14, 6.0], [7231.83, 1.0], [7233.28, 1.0], [7234.15, 6.0371]], "ts": 1575268422370}
{"bids": [[7223.04, 0.30009], [7223.03, 2.0], [7222.93, 0.18137527], [7218.9, 0.9967], [7218.4, 6.0], [7217.1, 1.0], [7213.11, 0.826], [7211.45, 1.0], [7206.11, 0.39546008], [7200.0, 0.05067]], "asks": [[7227.12, 0.3], [7227.16, 0.18137527], [7227.18, 2.5], [7229.54, 0.18064496], [7229.55, 1.0], [7229.93, 2.0], [7231.14, 6.0], [7231.83, 1.0], [7233.28, 1.0], [7234.15, 6.0371]], "ts": 1575268422371}
{"bids": [[7223.04, 0.30009], [7223.03, 2.0], [7222.93, 0.18137527], [7218.9, 0.9967], [7218.4, 6.0], [7217.1, 1.0], [7213.11, 0.826], [7211.45, 1.0], [7206.11, 0.39546008], [7200.0, 0.05067]], "asks": [[7227.12, 0.3], [7227.16, 0.18137527], [7227.18, 2.5], [7229.54, 0.18064496], [7229.55, 1.0], [7229.93, 2.0], [7231.14, 6.0], [7231.83, 1.0], [7233.28, 1.0], [7234.15, 6.0371]], "ts": 1575268422373}
{"bids": [[7223.04, 0.30009], [7223.03, 2.0], [7222.93, 0.18137527], [7218.9, 0.9967], [7218.4, 6.0], [7217.1, 1.0], [7213.11, 0.826], [7211.45, 1.0], [7206.11, 0.39546008], [7200.0, 0.05067]], "asks": [[7227.12, 0.3], [7227.16, 0.18137527], [7227.18, 2.5], [7229.54, 0.18064496], [7229.55, 1.0], [7229.93, 2.0], [7231.14, 6.0], [7231.83, 1.0], [7233.28, 1.0], [7234.15, 6.0371]], "ts": 1575268422374}
{"bids": [[7223.04, 0.30009], [7223.03, 2.0], [7222.93, 0.18137527], [7218.9, 0.9967], [7218.4, 6.0], [7217.1, 1.0], [7213.11, 0.826], [7211.45, 1.0], [7210.51, 0.496], [7206.11, 0.39546008]], "asks": [[7227.12, 0.3], [7227.16, 0.18137527], [7227.18, 2.5], [7229.54, 0.18064496], [7229.55, 1.0], [7229.93, 2.0], [7231.14, 6.0], [7231.83, 1.0], [7233.28, 1.0], [7234.15, 6.0371]], "ts": 1575268422375}
{"bids": [[7223.04, 0.30009], [7223.03, 2.0], [7222.93, 0.18137527], [7218.9, 0.9967], [7218.4, 6.0], [7217.1, 1.0], [7213.11, 0.826], [7211.45, 1.0], [7210.51, 0.496], [7206.11, 0.39546008]], "asks": [[7227.12, 0.3], [7227.16, 0.18137527], [7227.18, 2.5], [7229.54, 0.18064496], [7229.55, 1.0], [7229.93, 2.0], [7231.14, 6.0], [7231.83, 1.0], [7233.28, 1.0], [7234.15, 6.0371]], "ts": 1575268422376}
{"bids": [[7223.04, 0.30009], [7223.03, 2.0], [7222.93, 0.18137527], [7218.9, 0.9967], [7218.4, 6.0], [7217.1, 1.0], [7213.11, 0.826], [7211.45, 1.0], [7210.51, 0.496], [7206.11, 0.39546008]], "asks": [[7227.11, 2.0], [7227.12, 0.3], [7227.16, 0.18137527], [7227.18, 2.5], [7229.54, 0.18064496], [7229.55, 1.0], [7229.93, 2.0], [7231.14, 6.0], [7231.83, 1.0], [7233.28, 1.0]], "ts": 1575268422377}
{"bids": [[7223.04, 0.30009], [7223.03, 2.0], [7222.93, 0.18137527], [7218.9, 0.9967], [7218.4, 6.0], [7217.1, 1.0], [7213.11, 0.826], [7211.45, 1.0], [7210.51, 0.496], [7206.11, 0.39546008]], "asks": [[7227.11, 2.0], [7227.16, 0.18137527], [7227.18, 2.5], [7229.54, 0.18064496], [7229.55, 1.0], [7229.93, 2.0], [7231.14, 6.0], [7231.83, 1.0], [7233.28, 1.0]], "ts": 1575268422378}
{"bids": [[7223.04, 0.30009], [7223.03, 2.0], [7222.93, 0.18137527], [7218.9, 0.9967], [7218.4, 6.0], [7217.1, 1.0], [7213.11, 0.826], [7211.45, 1.0], [7210.51, 0.496], [7206.11, 0.39546008]], "asks": [[7227.1, 0.3], [7227.11, 2.0], [7227.16, 0.18137527], [7227.18, 2.5], [7229.54, 0.18064496], [7229.55, 1.0], [7229.93, 2.0], [7231.14, 6.0], [7231.83, 1.0], [7233.28, 1.0]], "ts": 1575268422378}
{"bids": [[7223.04, 0.30009], [7223.03, 2.0], [7222.93, 0.18137527], [7218.9, 0.9967], [7218.4, 6.0], [7217.1, 1.0], [7213.11, 0.826], [7211.45, 1.0], [7210.51, 0.496], [7206.11, 0.39546008]], "asks": [[7227.1, 0.3], [7227.11, 2.0], [7227.16, 0.18137527], [7227.18, 2.5], [7229.54, 0.18064496], [7229.55, 1.0], [7229.93, 2.0], [7231.14, 6.0], [7231.83, 1.0], [7233.28, 1.0]], "ts": 1575268422379}
{"bids": [[7223.04, 0.30009], [7223.03, 2.0], [7222.93, 0.18137527], [7218.9, 0.9967], [7218.4, 6.0], [7217.1, 1.0], [7213.11, 0.826], [7211.45, 1.0], [7210.51, 0.496], [7206.11, 0.39546008]], "asks": [[7227.1, 0.3], [7227.11, 2.0], [7227.16, 0.35626385], [7227.18, 2.5], [7229.54, 0.18064496], [7229.55, 1.0], [7229.93, 2.0], [7231.14, 6.0], [7231.83, 1.0], [7233.28, 1.0]], "ts": 1575268422380}
{"bids": [[7223.04, 0.30009], [7223.03, 2.0], [7222.93, 0.18137527], [7218.9, 0.9967], [7218.4, 6.0], [7217.1, 1.0], [7213.11, 0.826], [7211.45, 1.0], [7210.51, 0.496], [7206.11, 0.39546008]], "asks": [[7227.1, 0.3], [7227.11, 2.0], [7227.16, 0.35626385], [7227.18, 2.5], [7229.55, 1.0], [7229.93, 2.0], [7231.14, 6.0], [7231.83, 1.0], [7233.28, 1.0]], "ts": 1575268422381}
{"bids": [[7223.04, 0.30009], [7223.03, 2.0], [7218.9, 0.9967], [7218.4, 6.0], [7217.1, 1.0], [7213.11, 0.826], [7211.45, 1.0], [7210.51, 0.496], [7206.11, 0.39546008]], "asks": [[7227.1, 0.3], [7227.11, 2.0], [7227.16, 0.35626385], [7227.18, 2.5], [7229.55, 1.0], [7229.93, 2.0], [7231.14, 6.0], [7231.83, 1.0], [7233.28, 1.0]], "ts": 1575268422382}
{"bids": [[7223.04, 0.30009], [7223.03, 2.0], [7218.91, 0.17488858], [7218.9, 0.9967], [7218.4, 6.0], [7217.1, 1.0], [7213.11, 0.826], [7211.45, 1.0], [7210.51, 0.496], [7206.11, 0.39546008]], "asks": [[7227.1, 0.3], [7227.11, 2.0], [7227.16, 0.35626385], [7227.18, 2.5], [7229.55, 1.0], [7229.93, 2.0], [7231.14, 6.0], [7231.83, 1.0], [7233.28, 1.0]], "ts": 1575268422383}
{"bids": [[7223.04, 0.30009], [7223.03, 2.0], [7218.91, 0.17488858], [7218.9, 0.9967], [7218.4, 6.0], [7217.1, 1.0], [7213.11, 0.826], [7211.45, 1.0], [7210.51, 0.496], [7206.11, 0.39546008]], "asks": [[7227.1, 0.3], [7227.16, 0.35626385], [7227.18, 2.5], [7229.55, 1.0], [7229.93, 2.0], [7231.14, 6.0], [7231.83, 1.0], [7233.28, 1.0]], "ts": 1575268422384}
{"bids": [[7223.05, 0.17488858], [7223.04, 0.30009], [7223.03, 2.0], [7218.91, 0.17488858], [7218.9, 0.9967], [7218.4, 6.0], [7217.1, 1.0], [7213.11, 0.826], [7211.45, 1.0], [7210.51, 0.496]], "asks": [[7227.1, 0.3], [7227.16, 0.35626385], [7227.18, 2.5], [7229.55, 1.0], [7229.93, 2.0], [7231.14, 6.0], [7231.83, 1.0], [7233.28, 1.0]], "ts": 1575268422385}
{"bids": [[7223.05, 0.17488858], [7223.04, 0.30009], [7223.03, 2.0], [7218.9, 0.9967], [7218.4, 6.0], [7217.1, 1.0], [7213.11, 0.826], [7211.45, 1.0], [7210.51, 0.496]], "asks": [[7227.1, 0.3], [7227.16, 0.35626385], [7227.18, 2.5], [7229.55, 1.0], [7229.93, 2.0], [7231.14, 6.0], [7231.83, 1.0], [7233.28, 1.0]], "ts": 1575268422385}
{"bids": [[7223.05, 0.17488858], [7223.04, 0.30009], [7223.03, 2.0], [7218.9, 0.9967], [7218.4, 6.0], [7217.1, 1.0], [7213.11, 0.826], [7211.45, 1.0], [7210.51, 0.496]], "asks": [[7227.1, 0.3], [7227.16, 0.18137527], [7227.18, 2.5], [7229.55, 1.0], [7229.93, 2.0], [7231.14, 6.0], [7231.83, 1.0], [7233.28, 1.0]], "ts": 1575268422386}
{"bids": [[7223.05, 0.17488858], [7223.04, 0.30009], [7223.03, 2.0], [7218.9, 0.9967], [7218.4, 6.0], [7217.1, 1.0], [7213.11, 0.826], [7211.45, 1.0], [7210.51, 0.496]], "asks": [[7227.1, 0.3], [7227.16, 0.18137527], [7227.18, 2.5], [7229.54, 0.17488858], [7229.55, 1.0], [7229.93, 2.0], [7231.14, 6.0], [7231.83, 1.0], [7233.28, 1.0]], "ts": 1575268422387}
{"bids": [[7223.05, 0.17488858], [7223.04, 9e-05], [7223.03, 2.0], [7218.9, 0.9967], [7218.4, 6.0], [7217.1, 1.0], [7213.11, 0.826], [7211.45, 1.0], [7210.51, 0.496]], "asks": [[7227.1, 0.3], [7227.16, 0.18137527], [7227.18, 2.5], [7229.54, 0.17488858], [7229.55, 1.0], [7229.93, 2.0], [7231.14, 6.0], [7231.83, 1.0], [7233.28, 1.0]], "ts": 1575268422388}
{"bids": [[7223.05, 0.47488858], [7223.04, 9e-05], [7223.03, 2.0], [7218.9, 0.9967], [7218.4, 6.0], [7217.1, 1.0], [7213.11, 0.826], [7211.45, 1.0], [7210.51, 0.496]], "asks": [[7227.1, 0.3], [7227.16, 0.18137527], [7227.18, 2.5], [7229.54, 0.17488858], [7229.55, 1.0], [7229.93, 2.0], [7231.14, 6.0], [7231.83, 1.0], [7233.28, 1.0]], "ts": 1575268422388}
{"bids": [[7223.05, 0.47488858], [7223.03, 2.0], [7218.9, 0.9967], [7218.4, 6.0], [7217.1, 1.0], [7213.11, 0.826], [7211.45, 1.0], [7210.51, 0.496]], "asks": [[7227.1, 0.3], [7227.16, 0.18137527], [7227.18, 2.5], [7229.54, 0.17488858], [7229.55, 1.0], [7229.93, 2.0], [7231.14, 6.0], [7231.83, 1.0], [7233.28, 1.0]], "ts": 1575268422389}
{"bids": [[7223.05, 0.47497858], [7223.03, 2.0], [7218.9, 0.9967], [7218.4, 6.0], [7217.1, 1.0], [7213.11, 0.826], [7211.45, 1.0], [7210.51, 0.496]], "asks": [[7227.1, 0.3], [7227.16, 0.18137527], [7227.18, 2.5], [7229.54, 0.17488858], [7229.55, 1.0], [7229.93, 2.0], [7231.14, 6.0], [7231.83, 1.0], [7233.28, 1.0]], "ts": 1575268422390}
{"bids": [[7223.05, 0.47497858], [7223.03, 2.0], [7218.9, 0.9967], [7218.4, 6.0], [7217.1, 1.0], [7213.11, 0.826], [7211.45, 1.0], [7210.51, 0.496]], "asks": [[7227.1, 0.3], [7227.16, 0.18137527], [7227.18, 2.5], [7229.54, 0.17488858], [7229.55, 1.0], [7229.93, 2.0], [7231.14, 6.0], [7231.83, 1.0], [7233.28, 1.0]], "ts": 1575268422391}
{"bids": [[7223.05, 0.47497858], [7223.03, 2.0], [7218.9, 0.9967], [7218.4, 6.0], [7217.1, 1.0], [7213.11, 0.826], [7211.45, 1.0], [7210.51, 0.496]], "asks": [[7227.1, 0.3], [7227.16, 0.18137527], [7227.18, 2.5], [7229.54, 0.17488858], [7229.55, 1.0], [7229.93, 2.0], [7231.14, 6.0], [7231.83, 1.0], [7233.28, 1.0], [7255.51, 0.01]], "ts": 1575268422392}
{"bids": [[7223.05, 0.47497858], [7223.03, 2.0], [7218.9, 0.9967], [7217.1, 1.0], [7213.11, 0.826], [7211.45, 1.0], [7210.51, 0.496]], "asks": [[7227.1, 0.3], [7227.16, 0.18137527], [7227.18, 2.5], [7229.54, 0.17488858], [7229.55, 1.0], [7229.93, 2.0], [7231.14, 6.0], [7231.83, 1.0], [7233.28, 1.0], [7255.51, 0.01]], "ts": 1575268422393}
{"bids": [[7223.05, 0.47497858], [7223.03, 2.0], [7218.9, 0.9967], [7217.1, 1.0], [7213.11, 0.826], [7211.45, 1.0], [7210.51, 0.496]], "asks": [[7227.1, 0.3], [7227.16, 0.18137527], [7227.18, 2.5], [7229.54, 0.17488858], [7229.55, 1.0], [7229.93, 2.0], [7231.83, 1.0], [7233.28, 1.0], [7255.51, 0.01]], "ts": 1575268422394}
{"bids": [[7223.05, 0.30009], [7223.03, 2.0], [7218.9, 0.9967], [7217.1, 1.0], [7213.11, 0.826], [7211.45, 1.0], [7210.51, 0.496]], "asks": [[7227.1, 0.3], [7227.16, 0.18137527], [7227.18, 2.5], [7229.54, 0.17488858], [7229.55, 1.0], [7229.93, 2.0], [7231.83, 1.0], [7233.28, 1.0], [7255.51, 0.01]], "ts": 1575268422395}
{"bids": [[7223.05, 0.30009], [7223.03, 2.0], [7218.91, 0.17488858], [7218.9, 0.9967], [7217.1, 1.0], [7213.11, 0.826], [7211.45, 1.0], [7210.51, 0.496]], "asks": [[7227.1, 0.3], [7227.16, 0.18137527], [7227.18, 2.5], [7229.54, 0.17488858], [7229.55, 1.0], [7229.93, 2.0], [7231.83, 1.0], [7233.28, 1.0], [7255.51, 0.01]], "ts": 1575268422395}
{"bids": [[7223.05, 0.30009], [7223.03, 2.0], [7218.91, 0.17488858], [7218.9, 0.9967], [7217.1, 1.0], [7213.11, 0.826], [7211.45, 1.0], [7210.51, 0.496]], "asks": [[7227.09, 0.17488858], [7227.1, 0.3], [7227.16, 0.18137527], [7227.18, 2.5], [7229.54, 0.17488858], [7229.55, 1.0], [7229.93, 2.0], [7231.83, 1.0], [7233.28, 1.0], [7255.51, 0.01]], "ts": 1575268422396}
{"bids": [[7223.05, 0.30009], [7223.03, 2.0], [7218.91, 0.17488858], [7218.9, 0.9967], [7217.1, 1.0], [7213.11, 0.826], [7211.45, 1.0], [7210.51, 0.496]], "asks": [[7227.09, 0.17488858], [7227.16, 0.18137527], [7227.18, 2.5], [7229.54, 0.17488858], [7229.55, 1.0], [7229.93, 2.0], [7231.83, 1.0], [7233.28, 1.0], [7255.51, 0.01]], "ts": 1575268422397}
{"bids": [[7223.05, 0.30009], [7223.03, 2.0], [7218.91, 0.17488858], [7218.9, 0.9967], [7217.1, 1.0], [7213.11, 0.826], [7211.45, 1.0], [7210.51, 0.496]], "asks": [[7227.09, 0.17488858], [7227.16, 0.18137527], [7227.18, 2.5], [7229.55, 1.0], [7229.93, 2.0], [7231.83, 1.0], [7233.28, 1.0], [7255.51, 0.01]], "ts": 1575268422398}
{"bids": [[7223.05, 0.30009], [7223.03, 2.0], [7219.65, 6.0], [7218.91, 0.17488858], [7218.9, 0.9967], [7217.1, 1.0], [7213.11, 0.826], [7211.45, 1.0], [7210.51, 0.496]], "asks": [[7227.09, 0.17488858], [7227.16, 0.18137527], [7227.18, 2.5], [7229.55, 1.0], [7229.93, 2.0], [7231.83, 1.0], [7233.28, 1.0], [7255.51, 0.01]], "ts": 1575268422398}
{"bids": [[7223.06, 0.17488858], [7223.05, 0.30009], [7223.03, 2.0], [7219.65, 6.0], [7218.91, 0.17488858], [7218.9, 0.9967], [7217.1, 1.0], [7213.11, 0.826], [7211.45, 1.0], [7210.51, 0.496]], "asks": [[7227.09, 0.17488858], [7227.16, 0.18137527], [7227.18, 2.5], [7229.55, 1.0], [7229.93, 2.0], [7231.83, 1.0], [7233.28, 1.0], [7255.51, 0.01]], "ts": 1575268422399}
{"bids": [[7223.06, 0.17488858], [7223.05, 0.30009], [7223.03, 2.0], [7219.65, 6.0], [7218.9, 0.9967], [7217.1, 1.0], [7213.11, 0.826], [7211.45, 1.0], [7210.51, 0.496]], "asks": [[7227.09, 0.17488858], [7227.16, 0.18137527], [7227.18, 2.5], [7229.55, 1.0], [7229.93, 2.0], [7231.83, 1.0], [7233.28, 1.0], [7255.51, 0.01]], "ts": 1575268422400}
{"bids": [[7223.06, 0.17488858], [7223.05, 0.30009], [7223.03, 2.0], [7219.65, 6.0], [7218.9, 0.9967], [7217.1, 1.0], [7213.11, 0.826], [7211.45, 1.0], [7210.51, 0.496]], "asks": [[7227.16, 0.18137527], [7227.18, 2.5], [7229.55, 1.0], [7229.93, 2.0], [7231.83, 1.0], [7233.28, 1.0], [7255.51, 0.01]], "ts": 1575268422401}
{"bids": [[7223.06, 0.17488858], [7223.05, 0.30009], [7223.03, 2.0], [7219.65, 6.0], [7218.9, 0.9967], [7217.1, 1.0], [7213.11, 0.826], [7211.45, 1.0], [7210.51, 0.496]], "asks": [[7227.16, 0.18137527], [7227.18, 2.5], [7229.54, 0.17488858], [7229.55, 1.0], [7229.93, 2.0], [7231.83, 1.0], [7233.28, 1.0], [7255.51, 0.01]], "ts": 1575268422402}
{"bids": [[7223.06, 0.17488858], [7223.05, 0.30009], [7223.03, 2.0], [7219.65, 6.0], [7218.9, 0.9967], [7217.1, 1.0], [7213.11, 0.826], [7211.45, 1.0], [7210.51, 0.496]], "asks": [[7227.18, 2.5], [7229.54, 0.17488858], [7229.55, 1.0], [7229.93, 2.0], [7231.83, 1.0], [7233.28, 1.0], [7255.51, 0.01]], "ts": 1575268422403}
{"bids": [[7223.06, 0.17488858], [7223.05, 0.30009], [7223.03, 2.0], [7219.65, 6.0], [7218.9, 0.9967], [7217.1, 1.0], [7213.11, 0.826], [7211.45, 1.0], [7210.51, 0.496]], "asks": [[7227.18, 2.5], [7229.54, 0.34977716], [7229.55, 1.0], [7229.93, 2.0], [7231.83, 1.0], [7233.28, 1.0], [7255.51, 0.01]], "ts": 1575268422403}
{"bids": [[7223.06, 0.17488858], [7223.05, 0.30009], [7223.03, 2.0], [7219.65, 6.0], [7218.9, 0.9967], [7217.1, 1.0], [7213.11, 0.826], [7211.45, 1.0], [7210.51, 0.496]], "asks": [[7227.18, 2.5], [7229.54, 0.34977716], [7229.55, 1.0], [7229.93, 2.0], [7231.83, 1.0], [7232.41, 6.0], [7233.28, 1.0], [7255.51, 0.01]], "ts": 1575268422404}
{"bids": [[7223.06, 0.17488858], [7223.05, 0.30009], [7223.03, 2.0], [7219.65, 6.0], [7218.9, 0.9967], [7217.1, 1.0], [7213.11, 0.826], [7211.45, 1.0], [7210.51, 0.496]], "asks": [[7227.18, 2.5], [7227.8, 0.3], [7229.54, 0.34977716], [7229.55, 1.0], [7229.93, 2.0], [7231.83, 1.0], [7232.41, 6.0], [7233.28, 1.0], [7255.51, 0.01]], "ts": 1575268422405}
{"bids": [[7223.06, 0.17488858], [7223.05, 0.30009], [7223.03, 2.0], [7219.65, 6.0], [7218.9, 0.9967], [7217.1, 1.0], [7213.11, 0.826], [7211.45, 1.0], [7210.51, 0.496]], "asks": [[7227.18, 2.5], [7227.79, 0.17488858], [7227.8, 0.3], [7229.54, 0.34977716], [7229.55, 1.0], [7229.93, 2.0], [7231.83, 1.0], [7232.41, 6.0], [7233.28, 1.0], [7255.51, 0.01]], "ts": 1575268422406}
{"bids": [[7223.06, 0.17488858], [7223.05, 0.30009], [7223.03, 2.0], [7219.65, 6.0], [7218.9, 0.9967], [7217.1, 1.0], [7213.11, 0.826], [7211.45, 1.0], [7210.51, 0.496]], "asks": [[7227.18, 2.5], [7227.79, 0.17488858], [7227.8, 0.3], [7229.54, 0.17488858], [7229.55, 1.0], [7229.93, 2.0], [7231.83, 1.0], [7232.41, 6.0], [7233.28, 1.0], [7255.51, 0.01]], "ts": 1575268422406}
{"bids": [[7223.06, 0.17488858], [7223.05, 9e-05], [7223.03, 2.0], [7219.65, 6.0], [7218.9, 0.9967], [7217.1, 1.0], [7213.11, 0.826], [7211.45, 1.0], [7210.51, 0.496]], "asks": [[7227.18, 2.5], [7227.79, 0.17488858], [7227.8, 0.3], [7229.54, 0.17488858], [7229.55, 1.0], [7229.93, 2.0], [7231.83, 1.0], [7232.41, 6.0], [7233.28, 1.0], [7255.51, 0.01]], "ts": 1575268422407}
{"bids": [[7223.07, 0.3], [7223.06, 0.17488858], [7223.05, 9e-05], [7223.03, 2.0], [7219.65, 6.0], [7218.9, 0.9967], [7217.1, 1.0], [7213.11, 0.826], [7211.45, 1.0], [7210.51, 0.496]], "asks": [[7227.18, 2.5], [7227.79, 0.17488858], [7227.8, 0.3], [7229.54, 0.17488858], [7229.55, 1.0], [7229.93, 2.0], [7231.83, 1.0], [7232.41, 6.0], [7233.28, 1.0], [7255.51, 0.01]], "ts": 1575268422408}
{"bids": [[7223.07, 0.3], [7223.06, 0.17488858], [7223.03, 2.0], [7219.65, 6.0], [7218.9, 0.9967], [7217.1, 1.0], [7213.11, 0.826], [7211.45, 1.0], [7210.51, 0.496]], "asks": [[7227.18, 2.5], [7227.79, 0.17488858], [7227.8, 0.3], [7229.54, 0.17488858], [7229.55, 1.0], [7229.93, 2.0], [7231.83, 1.0], [7232.41, 6.0], [7233.28, 1.0], [7255.51, 0.01]], "ts": 1575268422409}
{"bids": [[7223.07, 0.3], [7223.06, 0.17497858], [7223.03, 2.0], [7219.65, 6.0], [7218.9, 0.9967], [7217.1, 1.0], [7213.11, 0.826], [7211.45, 1.0], [7210.51, 0.496]], "asks": [[7227.18, 2.5], [7227.79, 0.17488858], [7227.8, 0.3], [7229.54, 0.17488858], [7229.55, 1.0], [7229.93, 2.0], [7231.83, 1.0], [7232.41, 6.0], [7233.28, 1.0], [7255.51, 0.01]], "ts": 1575268422410}
{"bids": [[7223.07, 0.3], [7223.06, 0.17497858], [7223.03, 2.0], [7219.65, 6.0], [7218.9, 0.9967], [7217.1, 1.0], [7213.11, 0.826], [7211.45, 1.0], [7210.51, 0.496]], "asks": [[7227.18, 2.5], [7227.79, 0.17488858], [7227.8, 0.3], [7229.54, 0.17488858], [7229.55, 1.0], [7229.93, 2.0], [7231.83, 1.0], [7232.41, 6.0], [7233.28, 1.0], [7255.51, 0.01]], "ts": 1575268422410}
{"bids": [[7223.07, 0.3], [7223.06, 0.17488858], [7223.03, 2.0], [7219.65, 6.0], [7218.9, 0.9967], [7217.1, 1.0], [7213.11, 0.826], [7211.45, 1.0], [7210.51, 0.496]], "asks": [[7227.18, 2.5], [7227.79, 0.17488858], [7227.8, 0.3], [7229.54, 0.17488858], [7229.55, 1.0], [7229.93, 2.0], [7231.83, 1.0], [7232.41, 6.0], [7233.28, 1.0], [7255.51, 0.01]], "ts": 1575268422411}
{"bids": [[7223.07, 0.30009], [7223.06, 0.17488858], [7223.03, 2.0], [7219.65, 6.0], [7218.9, 0.9967], [7217.1, 1.0], [7213.11, 0.826], [7211.45, 1.0], [7210.51, 0.496]], "asks": [[7227.18, 2.5], [7227.79, 0.17488858], [7227.8, 0.3], [7229.54, 0.17488858], [7229.55, 1.0], [7229.93, 2.0], [7231.83, 1.0], [7232.41, 6.0], [7233.28, 1.0], [7255.51, 0.01]], "ts": 1575268422412}
{"bids": [[7223.07, 0.30009], [7223.06, 0.17488858], [7223.03, 2.0], [7219.65, 6.0], [7218.9, 0.9967], [7217.1, 1.0], [7213.11, 0.826], [7211.45, 1.0], [7210.51, 0.496]], "asks": [[7227.18, 2.5], [7227.79, 0.17488858], [7229.54, 0.17488858], [7229.55, 1.0], [7229.93, 2.0], [7231.83, 1.0], [7232.41, 6.0], [7233.28, 1.0], [7255.51, 0.01]], "ts": 1575268422412}
{"bids": [[7223.07, 0.30009], [7223.06, 0.17488858], [7223.03, 2.0], [7219.65, 6.0], [7218.9, 0.9967], [7217.1, 1.0], [7213.11, 0.826], [7211.45, 1.0], [7210.51, 0.496]], "asks": [[7227.18, 2.5], [7229.54, 0.17488858], [7229.55, 1.0], [7229.93, 2.0], [7231.83, 1.0], [7232.41, 6.0], [7233.28, 1.0], [7255.51, 0.01]], "ts": 1575268422413}
{"bids": [[7223.07, 0.30009], [7223.06, 0.17488858], [7223.03, 2.0], [7219.65, 6.0], [7218.9, 0.9967], [7217.1, 1.0], [7213.11, 0.826], [7211.45, 1.0], [7210.51, 0.496]], "asks": [[7227.18, 2.5], [7229.53, 0.16939529], [7229.54, 0.17488858], [7229.55, 1.0], [7229.93, 2.0], [7231.83, 1.0], [7232.41, 6.0], [7233.28, 1.0], [7255.51, 0.01]], "ts": 1575268422414}
{"bids": [[7223.07, 0.30009], [7223.06, 0.17488858], [7223.03, 2.0], [7219.65, 6.0], [7218.9, 0.9967], [7217.1, 1.0], [7213.11, 0.826], [7211.45, 1.0], [7210.51, 0.496]], "asks": [[7227.18, 2.5], [7228.3, 0.3], [7229.53, 0.16939529], [7229.54, 0.17488858], [7229.55, 1.0], [7229.93, 2.0], [7231.83, 1.0], [7232.41, 6.0], [7233.28, 1.0], [7255.51, 0.01]], "ts": 1575268422415}
{"bids": [[7223.07, 0.30009], [7223.06, 0.17488858], [7223.03, 2.0], [7219.65, 6.0], [7218.9, 0.9967], [7217.1, 1.0], [7213.11, 0.826], [7211.45, 1.0], [7210.51, 0.496]], "asks": [[7227.18, 2.5], [7228.29, 0.16939529], [7228.3, 0.3], [7229.53, 0.16939529], [7229.54, 0.17488858], [7229.55, 1.0], [7229.93, 2.0], [7231.83, 1.0], [7232.41, 6.0], [7233.28, 1.0]], "ts": 1575268422415}
{"bids": [[7223.07, 0.30009], [7223.06, 0.17488858], [7223.03, 2.0], [7219.65, 6.0], [7218.9, 0.9967], [7217.1, 1.0], [7213.11, 0.826], [7211.45, 1.0], [7210.51, 0.496]], "asks": [[7227.18, 2.5], [7228.29, 0.16939529], [7228.3, 0.3], [7229.54, 0.17488858], [7229.55, 1.0], [7229.93, 2.0], [7231.83, 1.0], [7232.41, 6.0], [7233.28, 1.0]], "ts": 1575268422416}
{"bids": [[7223.07, 0.30009], [7223.06, 0.17488858], [7223.03, 2.0], [7219.65, 6.0], [7218.9, 0.9967], [7217.1, 1.0], [7213.11, 0.826], [7211.45, 1.0], [7210.51, 0.496]], "asks": [[7227.18, 2.5], [7228.29, 0.16939529], [7229.54, 0.17488858], [7229.55, 1.0], [7229.93, 2.0], [7231.83, 1.0], [7232.41, 6.0], [7233.28, 1.0]], "ts": 1575268422417}
{"bids": [[7223.07, 0.30009], [7223.06, 0.17488858], [7223.03, 2.0], [7219.65, 6.0], [7218.9, 0.9967], [7217.1, 1.0], [7213.11, 0.826], [7211.45, 1.0], [7210.51, 0.496]], "asks": [[7227.18, 2.5], [7229.54, 0.17488858], [7229.55, 1.0], [7229.93, 2.0], [7231.83, 1.0], [7232.41, 6.0], [7233.28, 1.0]], "ts": 1575268422417}
{"bids": [[7223.07, 0.30009], [7223.06, 0.17488858], [7223.03, 2.0], [7219.65, 6.0], [7218.9, 0.9967], [7217.1, 1.0], [7213.11, 0.826], [7211.45, 1.0], [7210.51, 0.496]], "asks": [[7227.18, 2.5], [7229.53, 0.16939529], [7229.54, 0.17488858], [7229.55, 1.0], [7229.93, 2.0], [7231.83, 1.0], [7232.41, 6.0], [7233.28, 1.0]], "ts": 1575268422418}
{"bids": [[7223.07, 0.30009], [7223.06, 0.17488858], [7223.03, 2.0], [7219.65, 6.0], [7218.9, 0.9967], [7217.1, 1.0], [7213.11, 0.826], [7211.45, 1.0], [7210.51, 0.496]], "asks": [[7227.18, 2.5], [7228.78, 0.3], [7229.53, 0.16939529], [7229.54, 0.17488858], [7229.55, 1.0], [7229.93, 2.0], [7231.83, 1.0], [7232.41, 6.0], [7233.28, 1.0]], "ts": 1575268422419}
{"bids": [[7223.07, 0.30009], [7223.06, 0.17488858], [7223.03, 2.0], [7219.65, 6.0], [7218.9, 0.9967], [7217.1, 1.0], [7213.11, 0.826], [7211.45, 1.0], [7210.51, 0.496]], "asks": [[7227.18, 2.5], [7228.78, 0.3], [7229.53, 0.16939529], [7229.54, 0.17488858], [7229.55, 1.0], [7229.93, 2.0], [7231.83, 1.0], [7232.41, 6.0], [7233.28, 1.0]], "ts": 1575268422420}
{"bids": [[7223.07, 0.30009], [7223.06, 0.17488858], [7223.03, 2.0], [7219.65, 6.0], [7218.9, 0.9967], [7217.1, 1.0], [7213.11, 0.826], [7211.45, 1.0], [7210.51, 0.496], [3570.0, 0.00769301]], "asks": [[7227.18, 2.5], [7228.78, 0.3], [7229.53, 0.16939529], [7229.54, 0.17488858], [7229.55, 1.0], [7229.93, 2.0], [7231.83, 1.0], [7232.41, 6.0], [7233.28, 1.0]], "ts": 1575268422420}
{"bids": [[7223.07, 0.30009], [7223.06, 0.17488858], [7223.03, 2.0], [7219.65, 6.0], [7217.1, 1.0], [7213.11, 0.826], [7211.45, 1.0], [7210.51, 0.496], [3570.0, 0.00769301]], "asks": [[7227.18, 2.5], [7228.78, 0.3], [7229.53, 0.16939529], [7229.54, 0.17488858], [7229.55, 1.0], [7229.93, 2.0], [7231.83, 1.0], [7232.41, 6.0], [7233.28, 1.0]], "ts": 1575268422421}
{"bids": [[7223.07, 0.30009], [7223.06, 0.17488858], [7223.03, 2.0], [7217.1, 1.0], [7213.11, 0.826], [7211.45, 1.0], [7210.51, 0.496], [3570.0, 0.00769301]], "asks": [[7227.18, 2.5], [7228.78, 0.3], [7229.53, 0.16939529], [7229.54, 0.17488858], [7229.55, 1.0], [7229.93, 2.0], [7231.83, 1.0], [7232.41, 6.0], [7233.28, 1.0]], "ts": 1575268422422}
{"bids": [[7223.07, 0.30009], [7223.06, 0.17488858], [7223.03, 2.0], [7217.1, 1.0], [7213.11, 0.826], [7211.45, 1.0], [7210.51, 0.496], [3570.0, 0.00769301]], "asks": [[7227.18, 2.5], [7228.78, 0.3], [7229.53, 0.16939529], [7229.54, 0.17488858], [7229.55, 1.0], [7229.93, 2.0], [7231.83, 1.0], [7233.28, 1.0]], "ts": 1575268422423}
{"bids": [[7223.07, 0.30009], [7223.06, 0.17488858], [7223.03, 2.0], [7217.1, 1.0], [7213.11, 0.826], [7211.45, 1.0], [7210.51, 0.496], [3570.0, 0.00769301]], "asks": [[7227.17, 0.16939529], [7227.18, 2.5], [7228.78, 0.3], [7229.53, 0.16939529], [7229.54, 0.17488858], [7229.55, 1.0], [7229.93, 2.0], [7231.83, 1.0], [7233.28, 1.0]], "ts": 1575268422424}
{"bids": [[7223.07, 0.30009], [7223.06, 0.17488858], [7223.03, 2.0], [7217.1, 1.0], [7213.11, 0.826], [7211.45, 1.0], [7210.51, 0.496], [3570.0, 0.00769301]], "asks": [[7227.17, 0.16939529], [7227.18, 2.5], [7228.78, 0.3], [7229.54, 0.17488858], [7229.55, 1.0], [7229.93, 2.0], [7231.83, 1.0], [7233.28, 1.0]], "ts": 1575268423328}
{"bids": [[7223.07, 0.30009], [7223.03, 2.0], [7217.1, 1.0], [7213.11, 0.826], [7211.45, 1.0], [7210.51, 0.496], [3570.0, 0.00769301]], "asks": [[7227.17, 0.16939529], [7227.18, 2.5], [7228.78, 0.3], [7229.54, 0.17488858], [7229.55, 1.0], [7229.93, 2.0], [7231.83, 1.0], [7233.28, 1.0]], "ts": 1575268423330}
{"bids": [[7223.07, 0.30009], [7223.03, 2.0], [7217.1, 1.0], [7213.11, 0.826], [7211.45, 1.0], [7210.51, 0.496], [3570.0, 0.00769301]], "asks": [[7227.16, 0.16985567], [7227.17, 0.16939529], [7227.18, 2.5], [7228.78, 0.3], [7229.54, 0.17488858], [7229.55, 1.0], [7229.93, 2.0], [7231.83, 1.0], [7233.28, 1.0]], "ts": 1575268423331}
{"bids": [[7223.07, 0.30009], [7223.03, 2.0], [7217.1, 1.0], [7213.11, 0.826], [7211.45, 1.0], [7210.51, 0.496], [3570.0, 0.00769301]], "asks": [[7227.16, 0.16985567], [7227.17, 0.16939529], [7227.18, 2.5], [7228.78, 0.3], [7229.55, 1.0], [7229.93, 2.0], [7231.83, 1.0], [7233.28, 1.0]], "ts": 1575268423333}
{"bids": [[7223.07, 0.30009], [7223.03, 2.0], [7217.1, 1.0], [7213.11, 0.826], [7211.45, 1.0], [7210.51, 0.496], [3570.0, 0.00769301]], "asks": [[7227.16, 0.16985567], [7227.17, 0.16939529], [7227.18, 2.5], [7229.55, 1.0], [7229.93, 2.0], [7231.83, 1.0], [7233.28, 1.0]], "ts": 1575268423334}
{"bids": [[7223.07, 0.30009], [7223.03, 2.0], [7221.09, 6.0], [7217.1, 1.0], [7213.11, 0.826], [7211.45, 1.0], [7210.51, 0.496], [3570.0, 0.00769301]], "asks": [[7227.16, 0.16985567], [7227.17, 0.16939529], [7227.18, 2.5], [7229.55, 1.0], [7229.93, 2.0], [7231.83, 1.0], [7233.28, 1.0]], "ts": 1575268423336}
{"bids": [[7223.08, 0.16939529], [7223.07, 0.30009], [7223.03, 2.0], [7221.09, 6.0], [7217.1, 1.0], [7213.11, 0.826], [7211.45, 1.0], [7210.51, 0.496], [3570.0, 0.00769301]], "asks": [[7227.16, 0.16985567], [7227.17, 0.16939529], [7227.18, 2.5], [7229.55, 1.0], [7229.93, 2.0], [7231.83, 1.0], [7233.28, 1.0]], "ts": 1575268423337}
{"bids": [[7223.08, 0.16939529], [7223.07, 0.30009], [7223.03, 2.0], [7221.09, 6.0], [7217.1, 1.0], [7213.11, 0.826], [7211.45, 1.0], [7210.51, 0.496], [3570.0, 0.00769301]], "asks": [[7227.17, 0.16939529], [7227.18, 2.5], [7229.55, 1.0], [7229.93, 2.0], [7231.83, 1.0], [7233.28, 1.0]], "ts": 1575268423338}
{"bids": [[7223.08, 0.16939529], [7223.07, 0.30009], [7223.03, 2.0], [7221.09, 6.0], [7217.1, 1.0], [7213.11, 0.826], [7211.45, 1.0], [7210.51, 0.496], [3570.0, 0.00769301]], "asks": [[7227.17, 0.16939529], [7227.18, 2.5], [7229.54, 0.16985567], [7229.55, 1.0], [7229.93, 2.0], [7231.83, 1.0], [7233.28, 1.0]], "ts": 1575268423339}
{"bids": [[7223.08, 0.16939529], [7223.07, 0.30009], [7223.03, 2.0], [7221.09, 6.0], [7217.1, 1.0], [7213.11, 0.826], [7211.45, 1.0], [7210.51, 0.496], [3570.0, 0.00769301]], "asks": [[7227.18, 2.5], [7229.54, 0.16985567], [7229.55, 1.0], [7229.93, 2.0], [7231.83, 1.0], [7233.28, 1.0]], "ts": 1575268423341}
{"bids": [[7223.08, 0.16939529], [7223.07, 0.30009], [7223.03, 2.0], [7221.09, 6.0], [7217.1, 1.0], [7213.11, 0.826], [7211.45, 1.0], [7210.51, 0.496], [3570.0, 0.00769301]], "asks": [[7227.18, 2.5], [7229.54, 0.33925096], [7229.55, 1.0], [7229.93, 2.0], [7231.83, 1.0], [7233.28, 1.0]], "ts": 1575268423342}
{"bids": [[7223.08, 0.16939529], [7223.07, 0.30009], [7223.03, 2.0], [7221.09, 6.0], [7217.1, 1.0], [7213.11, 0.826], [7211.45, 1.0], [7210.51, 0.496], [3570.0, 0.00769301]], "asks": [[7227.18, 2.5], [7229.54, 0.33925096], [7229.55, 1.0], [7229.93, 2.0], [7231.83, 1.0], [7233.28, 1.0], [7233.85, 6.0]], "ts": 1575268423343}
{"bids": [[7223.08, 0.16939529], [7223.07, 0.30009], [7223.03, 2.0], [7221.09, 6.0], [7217.1, 1.0], [7213.11, 0.826], [7211.45, 1.0], [7210.51, 0.496], [3570.0, 0.00769301]], "asks": [[7227.18, 2.5], [7229.54, 0.33925096], [7229.55, 1.0], [7229.89, 0.3], [7229.93, 2.0], [7231.83, 1.0], [7233.28, 1.0], [7233.85, 6.0]], "ts": 1575268423344}
{"bids": [[7223.08, 0.16939529], [7223.07, 0.30009], [7223.03, 2.0], [7221.09, 6.0], [7220.15, 0.9851], [7217.1, 1.0], [7213.11, 0.826], [7211.45, 1.0], [7210.51, 0.496], [3570.0, 0.00769301]], "asks": [[7227.18, 2.5], [7229.54, 0.33925096], [7229.55, 1.0], [7229.89, 0.3], [7229.93, 2.0], [7231.83, 1.0], [7233.28, 1.0], [7233.85, 6.0]], "ts": 1575268423345}
{"bids": [[7223.08, 0.16939529], [7223.07, 9e-05], [7223.03, 2.0], [7221.09, 6.0], [7220.15, 0.9851], [7217.1, 1.0], [7213.11, 0.826], [7211.45, 1.0], [7210.51, 0.496], [3570.0, 0.00769301]], "asks": [[7227.18, 2.5], [7229.54, 0.33925096], [7229.55, 1.0], [7229.89, 0.3], [7229.93, 2.0], [7231.83, 1.0], [7233.28, 1.0], [7233.85, 6.0]], "ts": 1575268423347}
{"bids": [[7223.09, 0.3], [7223.08, 0.16939529], [7223.07, 9e-05], [7223.03, 2.0], [7221.09, 6.0], [7220.15, 0.9851], [7217.1, 1.0], [7213.11, 0.826], [7211.45, 1.0], [7210.51, 0.496]], "asks": [[7227.18, 2.5], [7229.54, 0.33925096], [7229.55, 1.0], [7229.89, 0.3], [7229.93, 2.0], [7231.83, 1.0], [7233.28, 1.0], [7233.85, 6.0]], "ts": 1575268423348}
{"bids": [[7223.09, 0.3], [7223.08, 0.16939529], [7223.03, 2.0], [7221.09, 6.0], [7220.15, 0.9851], [7217.1, 1.0], [7213.11, 0.826], [7211.45, 1.0], [7210.51, 0.496]], "asks": [[7227.18, 2.5], [7229.54, 0.33925096], [7229.55, 1.0], [7229.89, 0.3], [7229.93, 2.0], [7231.83, 1.0], [7233.28, 1.0], [7233.85, 6.0]], "ts": 1575268423349}
{"bids": [[7223.09, 0.30009], [7223.08, 0.16939529], [7223.03, 2.0], [7221.09, 6.0], [7220.15, 0.9851], [7217.1, 1.0], [7213.11, 0.826], [7211.45, 1.0], [7210.51, 0.496]], "asks": [[7227.18, 2.5], [7229.54, 0.33925096], [7229.55, 1.0], [7229.89, 0.3], [7229.93, 2.0], [7231.83, 1.0], [7233.28, 1.0], [7233.85, 6.0]], "ts": 1575268423350}
{"bids": [[7223.09, 0.30009], [7223.08, 0.16939529], [7223.03, 2.0], [7221.09, 6.0], [7220.15, 0.9851], [7217.1, 1.0], [7213.11, 0.826], [7211.45, 1.0], [7210.51, 0.496], [7171.0, 0.05]], "asks": [[7227.18, 2.5], [7229.54, 0.33925096], [7229.55, 1.0], [7229.89, 0.3], [7229.93, 2.0], [7231.83, 1.0], [7233.28, 1.0], [7233.85, 6.0]], "ts": 1575268423351}
{"bids": [[7223.09, 0.30009], [7223.08, 0.16939529], [7223.03, 2.0], [7221.09, 6.0], [7220.15, 0.9851], [7217.1, 1.0], [7213.11, 0.826], [7211.45, 1.0], [7210.51, 0.496], [7171.0, 0.05]], "asks": [[7227.18, 2.5], [7229.54, 0.33925096], [7229.55, 1.0], [7229.89, 0.3], [7229.93, 2.0], [7231.83, 1.0], [7233.28, 1.0], [7233.85, 6.0], [7259.94, 3.2291]], "ts": 1575268423352}
{"bids": [[7223.09, 0.30009], [7223.08, 0.16939529], [7223.03, 2.0], [7220.15, 0.9851], [7217.1, 1.0], [7213.11, 0.826], [7211.45, 1.0], [7210.51, 0.496], [7171.0, 0.05]], "asks": [[7227.18, 2.5], [7229.54, 0.33925096], [7229.55, 1.0], [7229.89, 0.3], [7229.93, 2.0], [7231.83, 1.0], [7233.28, 1.0], [7233.85, 6.0], [7259.94, 3.2291]], "ts": 1575268423353}
{"bids": [[7223.09, 0.30009], [7223.08, 0.16939529], [7223.03, 2.0], [7220.15, 0.9851], [7217.1, 1.0], [7213.11, 0.826], [7211.45, 1.0], [7210.51, 0.496], [7171.0, 0.05]], "asks": [[7227.18, 2.5], [7229.54, 0.33925096], [7229.55, 1.0], [7229.89, 0.3], [7229.93, 2.0], [7231.83, 1.0], [7233.28, 1.0], [7259.94, 3.2291]], "ts": 1575268423354}
{"bids": [[7223.09, 0.30009], [7223.08, 0.16939529], [7223.03, 2.0], [7220.15, 0.9851], [7217.1, 1.0], [7213.11, 0.826], [7211.45, 1.0], [7210.51, 0.496], [7171.0, 0.05]], "asks": [[7227.17, 0.16939529], [7227.18, 2.5], [7229.54, 0.33925096], [7229.55, 1.0], [7229.89, 0.3], [7229.93, 2.0], [7231.83, 1.0], [7233.28, 1.0], [7259.94, 3.2291]], "ts": 1575268423355}
{"bids": [[7223.09, 0.30009], [7223.08, 0.16939529], [7223.03, 2.0], [7220.15, 0.9851], [7217.1, 1.0], [7213.11, 0.826], [7211.45, 1.0], [7210.51, 0.496], [7171.0, 0.05]], "asks": [[7227.17, 0.16939529], [7227.18, 2.5], [7229.54, 0.16985567], [7229.55, 1.0], [7229.89, 0.3], [7229.93, 2.0], [7231.83, 1.0], [7233.28, 1.0], [7259.94, 3.2291]], "ts": 1575268423356}
{"bids": [[7223.09, 0.30009], [7223.08, 0.16939529], [7223.03, 2.0], [7220.15, 0.9851], [7217.1, 1.0], [7213.11, 0.826], [7211.45, 1.0], [7210.51, 0.496], [7171.0, 0.05]], "asks": [[7227.17, 0.16939529], [7227.18, 2.5], [7229.54, 0.16985567], [7229.55, 1.0], [7229.89, 0.3], [7229.93, 2.0], [7231.83, 1.0], [7233.28, 1.0], [7259.94, 3.2291]], "ts": 1575268423357}
{"bids": [[7223.09, 0.30009], [7223.08, 0.16939529], [7223.03, 2.0], [7220.15, 0.9851], [7217.1, 1.0], [7213.11, 0.826], [7211.45, 1.0], [7210.51, 0.496], [7171.0, 0.05]], "asks": [[7227.17, 0.16939529], [7227.18, 2.5], [7229.54, 0.16985567], [7229.55, 1.0], [7229.89, 0.3], [7229.93, 2.0], [7231.83, 1.0], [7233.28, 1.0], [7259.94, 3.2291]], "ts": 1575268423359}
{"bids": [[7223.09, 0.30009], [7223.08, 0.16939529], [7223.03, 2.0], [7222.35, 6.0], [7220.15, 0.9851], [7217.1, 1.0], [7213.11, 0.826], [7211.45, 1.0], [7210.51, 0.496], [7171.0, 0.05]], "asks": [[7227.17, 0.16939529], [7227.18, 2.5], [7229.54, 0.16985567], [7229.55, 1.0], [7229.89, 0.3], [7229.93, 2.0], [7231.83, 1.0], [7233.28, 1.0], [7259.94, 3.2291]], "ts": 1575268423360}
{"bids": [[7223.09, 0.30009], [7223.08, 0.16939529], [7223.03, 2.0], [7222.35, 6.0], [7220.15, 0.9851], [7217.1, 1.0], [7213.11, 0.826], [7211.45, 1.0], [7210.51, 0.496], [7171.0, 0.05]], "asks": [[7227.18, 2.5], [7229.54, 0.16985567], [7229.55, 1.0], [7229.89, 0.3], [7229.93, 2.0], [7231.83, 1.0], [7233.28, 1.0], [7259.94, 3.2291]], "ts": 1575268423361}
{"bids": [[7223.09, 0.30009], [7223.08, 0.16939529], [7223.03, 2.0], [7222.35, 6.0], [7220.15, 0.9851], [7217.1, 1.0], [7213.11, 0.826], [7211.45, 1.0], [7210.51, 0.496], [7171.0, 0.05]], "asks": [[7227.18, 2.5], [7229.53, 0.16939529], [7229.54, 0.16985567], [7229.55, 1.0], [7229.89, 0.3], [7229.93, 2.0], [7231.83, 1.0], [7233.28, 1.0], [7259.94, 3.2291]], "ts": 1575268423362}
{"bids": [[7223.09, 0.30009], [7223.08, 0.16939529], [7223.03, 2.0], [7222.35, 6.0], [7220.15, 0.9851], [7217.1, 1.0], [7213.11, 0.826], [7211.45, 1.0], [7210.51, 0.496], [7171.0, 0.05]], "asks": [[7227.18, 2.5], [7229.53, 0.16939529], [7229.54, 0.16985567], [7229.55, 1.0], [7229.93, 2.0], [7231.83, 1.0], [7233.28, 1.0], [7259.94, 3.2291]], "ts": 1575268423362}
{"bids": [[7223.09, 0.30009], [7223.08, 0.16939529], [7223.03, 2.0], [7222.35, 6.0], [7220.15, 0.9851], [7217.1, 1.0], [7213.11, 0.826], [7211.45, 1.0], [7210.51, 0.496], [7171.0, 0.05]], "asks": [[7227.18, 2.5], [7229.53, 0.16939529], [7229.54, 0.16985567], [7229.55, 1.0], [7229.93, 2.0], [7231.83, 1.0], [7233.28, 1.0], [7235.1, 6.0], [7259.94, 3.2291]], "ts": 1575268423363}
{"bids": [[7223.09, 0.30009], [7223.08, 0.16939529], [7223.03, 2.0], [7222.35, 6.0], [7220.15, 0.9851], [7217.1, 1.0], [7214.36, 12.0], [7213.11, 0.826], [7211.45, 1.0], [7210.51, 0.496]], "asks": [[7227.18, 2.5], [7229.53, 0.16939529], [7229.54, 0.16985567], [7229.55, 1.0], [7229.93, 2.0], [7231.83, 1.0], [7233.28, 1.0], [7235.1, 6.0], [7259.94, 3.2291]], "ts": 1575268423364}
{"bids": [[7223.09, 0.30009], [7223.08, 0.16939529], [7223.03, 2.0], [7222.35, 6.0], [7220.15, 0.9851], [7217.1, 1.0], [7214.36, 12.0], [7213.11, 0.826], [7211.45, 1.0], [7210.51, 0.496]], "asks": [[7227.18, 2.5], [7229.53, 0.16939529], [7229.54, 0.16985567], [7229.55, 1.0], [7229.93, 2.0], [7231.83, 1.0], [7233.28, 1.0], [7235.1, 6.0], [7243.09, 12.0], [7259.94, 3.2291]], "ts": 1575268423364}
{"bids": [[7223.09, 0.30009], [7223.08, 0.16939529], [7223.03, 2.0], [7222.35, 6.0], [7220.15, 0.9851], [7217.1, 1.0], [7214.36, 12.0], [7213.11, 0.826], [7211.45, 1.0], [7210.51, 0.496]], "asks": [[7227.18, 2.5], [7229.53, 0.16939529], [7229.54, 0.16985567], [7229.55, 1.0], [7229.93, 2.0], [7230.49, 0.3], [7231.83, 1.0], [7233.28, 1.0], [7235.1, 6.0], [7243.09, 12.0]], "ts": 1575268423365}
{"bids": [[7223.09, 0.30009], [7223.08, 0.16939529], [7223.03, 2.0], [7222.35, 6.0], [7220.15, 0.9851], [7217.1, 1.0], [7214.36, 12.0], [7213.11, 0.826], [7211.45, 1.0], [7210.51, 0.496]], "asks": [[7227.18, 2.5], [7229.53, 0.16939529], [7229.54, 0.16985567], [7229.55, 1.0], [7229.93, 2.0], [7230.49, 0.3], [7231.83, 1.0], [7233.28, 1.0], [7235.1, 6.0], [7243.09, 12.0]], "ts": 1575268423365}
{"bids": [[7223.09, 0.30009], [7223.08, 0.16939529], [7223.03, 2.0], [7222.35, 6.0], [7220.15, 0.9851], [7217.1, 1.0], [7214.36, 12.0], [7213.11, 0.826], [7211.45, 1.0], [7210.51, 0.496]], "asks": [[7227.18, 2.5], [7229.53, 0.16939529], [7229.54, 0.16985567], [7229.55, 1.0], [7229.93, 2.0], [7231.83, 1.0], [7233.28, 1.0], [7235.1, 6.0], [7243.09, 12.0]], "ts": 1575268423366}
{"bids": [[7223.09, 0.30009], [7223.08, 0.16939529], [7223.03, 2.0], [7222.35, 6.0], [7220.15, 0.9851], [7217.1, 1.0], [7214.36, 12.0], [7213.11, 0.826], [7211.45, 1.0], [7210.51, 0.496]], "asks": [[7227.18, 2.5], [7229.53, 0.16939529], [7229.54, 0.16985567], [7229.55, 1.0], [7229.93, 2.0], [7231.14, 0.3], [7231.83, 1.0], [7233.28, 1.0], [7235.1, 6.0], [7243.09, 12.0]], "ts": 1575268423367}
{"bids": [[7223.09, 0.30009], [7223.08, 0.16939529], [7223.03, 2.0], [7220.15, 0.9851], [7217.1, 1.0], [7214.36, 12.0], [7213.11, 0.826], [7211.45, 1.0], [7210.51, 0.496]], "asks": [[7227.18, 2.5], [7229.53, 0.16939529], [7229.54, 0.16985567], [7229.55, 1.0], [7229.93, 2.0], [7231.14, 0.3], [7231.83, 1.0], [7233.28, 1.0], [7235.1, 6.0], [7243.09, 12.0]], "ts": 1575268423368}
{"bids": [[7223.09, 0.30009], [7223.08, 0.16939529], [7223.03, 2.0], [7220.15, 0.9851], [7217.1, 1.0], [7214.36, 12.0], [7213.11, 0.826], [7211.45, 1.0], [7210.51, 0.496]], "asks": [[7227.18, 2.5], [7229.53, 0.16939529], [7229.54, 0.16985567], [7229.55, 1.0], [7229.93, 2.0], [7231.83, 1.0], [7233.28, 1.0], [7235.1, 6.0], [7243.09, 12.0]], "ts": 1575268423368}
{"bids": [[7223.09, 0.30009], [7223.08, 0.16939529], [7223.03, 2.0], [7220.15, 0.9851], [7217.1, 1.0], [7214.36, 12.0], [7213.11, 0.826], [7211.45, 1.0], [7210.51, 0.496]], "asks": [[7227.17, 0.16939529], [7227.18, 2.5], [7229.53, 0.16939529], [7229.54, 0.16985567], [7229.55, 1.0], [7229.93, 2.0], [7231.83, 1.0], [7233.28, 1.0], [7235.1, 6.0], [7243.09, 12.0]], "ts": 1575268423369}
{"bids": [[7223.09, 0.30009], [7223.08, 0.16939529], [7223.03, 2.0], [7220.15, 0.9851], [7217.1, 1.0], [7214.36, 12.0], [7213.11, 0.826], [7211.45, 1.0], [7210.51, 0.496]], "asks": [[7227.17, 0.16939529], [7227.18, 2.5], [7229.54, 0.16985567], [7229.55, 1.0], [7229.93, 2.0], [7231.83, 1.0], [7233.28, 1.0], [7235.1, 6.0], [7243.09, 12.0]], "ts": 1575268423369}
{"bids": [[7223.56, 6.0], [7223.09, 0.30009], [7223.08, 0.16939529], [7223.03, 2.0], [7220.15, 0.9851], [7217.1, 1.0], [7214.36, 12.0], [7213.11, 0.826], [7211.45, 1.0], [7210.51, 0.496]], "asks": [[7227.17, 0.16939529], [7227.18, 2.5], [7229.54, 0.16985567], [7229.55, 1.0], [7229.93, 2.0], [7231.83, 1.0], [7233.28, 1.0], [7235.1, 6.0], [7243.09, 12.0]], "ts": 1575268423370}
{"bids": [[7223.57, 2.0], [7223.56, 6.0], [7223.09, 0.30009], [7223.08, 0.16939529], [7223.03, 2.0], [7220.15, 0.9851], [7217.1, 1.0], [7214.36, 12.0], [7213.11, 0.826], [7211.45, 1.0]], "asks": [[7227.17, 0.16939529], [7227.18, 2.5], [7229.54, 0.16985567], [7229.55, 1.0], [7229.93, 2.0], [7231.83, 1.0], [7233.28, 1.0], [7235.1, 6.0], [7243.09, 12.0]], "ts": 1575268423370}
{"bids": [[7223.57, 2.0], [7223.56, 6.0], [7223.09, 0.30009], [7223.08, 0.16939529], [7223.03, 2.0], [7220.15, 0.9851], [7217.1, 1.0], [7214.36, 12.0], [7213.11, 0.826], [7211.45, 1.0]], "asks": [[7227.18, 2.5], [7229.54, 0.16985567], [7229.55, 1.0], [7229.93, 2.0], [7231.83, 1.0], [7233.28, 1.0], [7235.1, 6.0], [7243.09, 12.0]], "ts": 1575268423371}
{"bids": [[7223.57, 2.0], [7223.56, 6.0], [7223.09, 0.30009], [7223.08, 0.16939529], [7223.03, 2.0], [7220.15, 0.9851], [7217.1, 1.0], [7214.36, 12.0], [7213.11, 0.826], [7211.45, 1.0]], "asks": [[7227.18, 2.5], [7229.53, 0.16939529], [7229.54, 0.16985567], [7229.55, 1.0], [7229.93, 2.0], [7231.83, 1.0], [7233.28, 1.0], [7235.1, 6.0], [7243.09, 12.0]], "ts": 1575268423371}
{"bids": [[7223.57, 2.0], [7223.56, 6.0], [7223.09, 0.30009], [7223.08, 0.16939529], [7223.03, 2.0], [7220.15, 0.9851], [7217.1, 1.0], [7214.36, 12.0], [7213.11, 0.826], [7211.45, 1.0]], "asks": [[7227.18, 2.5], [7229.53, 0.16939529], [7229.54, 0.16985567], [7229.55, 1.0], [7229.93, 2.0], [7231.71, 0.3], [7231.83, 1.0], [7233.28, 1.0], [7235.1, 6.0], [7243.09, 12.0]], "ts": 1575268423372}
{"bids": [[7223.57, 2.0], [7223.56, 6.0], [7223.09, 9e-05], [7223.08, 0.16939529], [7223.03, 2.0], [7220.15, 0.9851], [7217.1, 1.0], [7214.36, 12.0], [7213.11, 0.826], [7211.45, 1.0]], "asks": [[7227.18, 2.5], [7229.53, 0.16939529], [7229.54, 0.16985567], [7229.55, 1.0], [7229.93, 2.0], [7231.71, 0.3], [7231.83, 1.0], [7233.28, 1.0], [7235.1, 6.0], [7243.09, 12.0]], "ts": 1575268423372}
{"bids": [[7223.58, 0.3], [7223.57, 2.0], [7223.56, 6.0], [7223.09, 9e-05], [7223.08, 0.16939529], [7223.03, 2.0], [7220.15, 0.9851], [7217.1, 1.0], [7214.36, 12.0], [7213.11, 0.826]], "asks": [[7227.18, 2.5], [7229.53, 0.16939529], [7229.54, 0.16985567], [7229.55, 1.0], [7229.93, 2.0], [7231.71, 0.3], [7231.83, 1.0], [7233.28, 1.0], [7235.1, 6.0], [7243.09, 12.0]], "ts": 1575268423374}
{"bids": [[7223.58, 0.3], [7223.57, 2.0], [7223.09, 9e-05], [7223.08, 0.16939529], [7223.03, 2.0], [7220.15, 0.9851], [7217.1, 1.0], [7214.36, 12.0], [7213.11, 0.826]], "asks": [[7227.18, 2.5], [7229.53, 0.16939529], [7229.54, 0.16985567], [7229.55, 1.0], [7229.93, 2.0], [7231.71, 0.3], [7231.83, 1.0], [7233.28, 1.0], [7235.1, 6.0], [7243.09, 12.0]], "ts": 1575268423375}
{"bids": [[7223.58, 0.3], [7223.57, 2.0], [7223.09, 9e-05], [7223.08, 0.16939529], [7223.03, 2.0], [7220.15, 0.9851], [7217.1, 1.0], [7214.36, 12.0], [7213.11, 0.826]], "asks": [[7227.18, 2.5], [7229.53, 0.16939529], [7229.54, 0.16985567], [7229.55, 1.0], [7229.93, 2.0], [7231.71, 0.3], [7231.83, 1.0], [7233.28, 1.0], [7243.09, 12.0]], "ts": 1575268423376}
{"bids": [[7223.58, 0.3], [7223.57, 2.0], [7223.09, 9e-05], [7223.08, 0.16939529], [7223.03, 2.0], [7220.15, 0.9851], [7217.1, 1.0], [7214.36, 12.0], [7213.11, 0.826]], "asks": [[7227.18, 2.5], [7229.53, 0.16939529], [7229.54, 0.16985567], [7229.55, 1.0], [7229.93, 2.0], [7231.83, 1.0], [7233.28, 1.0], [7243.09, 12.0]], "ts": 1575268423376}
{"bids": [[7223.58, 0.3], [7223.57, 2.0], [7223.08, 0.16939529], [7223.03, 2.0], [7220.15, 0.9851], [7217.1, 1.0], [7214.36, 12.0], [7213.11, 0.826]], "asks": [[7227.18, 2.5], [7229.53, 0.16939529], [7229.54, 0.16985567], [7229.55, 1.0], [7229.93, 2.0], [7231.83, 1.0], [7233.28, 1.0], [7243.09, 12.0]], "ts": 1575268423377}
{"bids": [[7224.06, 6.0], [7223.58, 0.3], [7223.57, 2.0], [7223.08, 0.16939529], [7223.03, 2.0], [7220.15, 0.9851], [7217.1, 1.0], [7214.36, 12.0], [7213.11, 0.826]], "asks": [[7227.18, 2.5], [7229.53, 0.16939529], [7229.54, 0.16985567], [7229.55, 1.0], [7229.93, 2.0], [7231.83, 1.0], [7233.28, 1.0], [7243.09, 12.0]], "ts": 1575268423377}
{"bids": [[7224.07, 2.0], [7224.06, 6.0], [7223.58, 0.3], [7223.57, 2.0], [7223.08, 0.16939529], [7223.03, 2.0], [7220.15, 0.9851], [7217.1, 1.0], [7214.36, 12.0], [7213.11, 0.826]], "asks": [[7227.18, 2.5], [7229.53, 0.16939529], [7229.54, 0.16985567], [7229.55, 1.0], [7229.93, 2.0], [7231.83, 1.0], [7233.28, 1.0], [7243.09, 12.0]], "ts": 1575268423377}
{"bids": [[7224.07, 2.0], [7224.06, 6.0], [7223.58, 0.3], [7223.57, 2.0], [7223.08, 0.16939529], [7223.03, 2.0], [7220.15, 0.9851], [7217.1, 1.0], [7214.36, 12.0], [7213.11, 0.826]], "asks": [[7227.18, 2.5], [7229.53, 0.16939529], [7229.54, 0.16985567], [7229.55, 1.0], [7229.93, 2.0], [7231.83, 1.0], [7233.28, 1.0], [7236.81, 6.0], [7243.09, 12.0]], "ts": 1575268423378}
{"bids": [[7224.07, 2.0], [7224.06, 6.0], [7223.58, 0.3], [7223.57, 2.0], [7223.08, 0.16939529], [7223.03, 2.0], [7220.15, 0.9851], [7217.1, 1.0], [7214.36, 12.0], [7213.11, 0.826]], "asks": [[7227.18, 2.5], [7229.53, 0.16939529], [7229.54, 0.16985567], [7229.55, 1.0], [7229.93, 2.0], [7231.83, 1.0], [7232.21, 0.3], [7233.28, 1.0], [7236.81, 6.0], [7243.09, 12.0]], "ts": 1575268423378}
{"bids": [[7224.07, 2.0], [7224.06, 6.0], [7223.58, 0.3], [7223.57, 2.0], [7223.08, 0.16939529], [7223.03, 2.0], [7220.15, 0.9851], [7217.1, 1.0], [7214.36, 12.0], [7213.11, 0.826]], "asks": [[7227.18, 2.5], [7229.53, 0.16939529], [7229.55, 1.0], [7229.93, 2.0], [7231.83, 1.0], [7232.21, 0.3], [7233.28, 1.0], [7236.81, 6.0], [7243.09, 12.0]], "ts": 1575268423379}
{"bids": [[7224.07, 2.0], [7224.06, 6.0], [7223.58, 0.3], [7223.57, 2.0], [7223.08, 0.16939529], [7223.03, 2.0], [7220.15, 0.9851], [7217.1, 1.0], [7214.36, 12.0], [7213.11, 0.826]], "asks": [[7227.18, 2.5], [7229.53, 0.16939529], [7229.55, 1.0], [7229.93, 2.0], [7231.82, 0.16985567], [7231.83, 1.0], [7232.21, 0.3], [7233.28, 1.0], [7236.81, 6.0], [7243.09, 12.0]], "ts": 1575268423379}
{"bids": [[7224.07, 2.0], [7224.06, 6.0], [7223.57, 2.0], [7223.08, 0.16939529], [7223.03, 2.0], [7220.15, 0.9851], [7217.1, 1.0], [7214.36, 12.0], [7213.11, 0.826]], "asks": [[7227.18, 2.5], [7229.53, 0.16939529], [7229.55, 1.0], [7229.93, 2.0], [7231.82, 0.16985567], [7231.83, 1.0], [7232.21, 0.3], [7233.28, 1.0], [7236.81, 6.0], [7243.09, 12.0]], "ts": 1575268423380}
{"bids": [[7224.07, 2.0], [7224.06, 6.0], [7223.58, 9e-05], [7223.57, 2.0], [7223.08, 0.16939529], [7223.03, 2.0], [7220.15, 0.9851], [7217.1, 1.0], [7214.36, 12.0], [7213.11, 0.826]], "asks": [[7227.18, 2.5], [7229.53, 0.16939529], [7229.55, 1.0], [7229.93, 2.0], [7231.82, 0.16985567], [7231.83, 1.0], [7232.21, 0.3], [7233.28, 1.0], [7236.81, 6.0], [7243.09, 12.0]], "ts": 1575268423380}
{"bids": [[7224.08, 0.3], [7224.07, 2.0], [7224.06, 6.0], [7223.58, 9e-05], [7223.57, 2.0], [7223.08, 0.16939529], [7223.03, 2.0], [7220.15, 0.9851], [7217.1, 1.0], [7214.36, 12.0]], "asks": [[7227.18, 2.5], [7229.53, 0.16939529], [7229.55, 1.0], [7229.93, 2.0], [7231.82, 0.16985567], [7231.83, 1.0], [7232.21, 0.3], [7233.28, 1.0], [7236.81, 6.0], [7243.09, 12.0]], "ts": 1575268423381}
{"bids": [[7224.08, 0.3], [7224.07, 2.0], [7223.58, 9e-05], [7223.57, 2.0], [7223.08, 0.16939529], [7223.03, 2.0], [7220.15, 0.9851], [7217.1, 1.0], [7214.36, 12.0]], "asks": [[7227.18, 2.5], [7229.53, 0.16939529], [7229.55, 1.0], [7229.93, 2.0], [7231.82, 0.16985567], [7231.83, 1.0], [7232.21, 0.3], [7233.28, 1.0], [7236.81, 6.0], [7243.09, 12.0]], "ts": 1575268423381}
{"bids": [[7224.08, 0.3], [7224.07, 2.0], [7223.58, 9e-05], [7223.57, 2.0], [7223.08, 0.16939529], [7223.03, 2.0], [7220.15, 0.9851], [7217.1, 1.0], [7214.36, 12.0]], "asks": [[7227.18, 2.5], [7229.53, 0.16939529], [7229.55, 1.0], [7229.93, 2.0], [7231.82, 0.16985567], [7231.83, 1.0], [7233.28, 1.0], [7236.81, 6.0], [7243.09, 12.0]], "ts": 1575268423382}
{"bids": [[7224.08, 0.3], [7224.07, 2.0], [7223.58, 9e-05], [7223.57, 2.0], [7223.08, 0.16939529], [7223.03, 2.0], [7220.15, 0.9851], [7217.1, 1.0], [7214.36, 12.0]], "asks": [[7227.18, 2.5], [7229.53, 0.16939529], [7229.55, 1.0], [7229.92, 0.18480366], [7229.93, 2.0], [7231.82, 0.16985567], [7231.83, 1.0], [7233.28, 1.0], [7236.81, 6.0], [7243.09, 12.0]], "ts": 1575268423382}
{"bids": [[7224.08, 0.3], [7224.07, 2.0], [7223.58, 9e-05], [7223.57, 2.0], [7223.08, 0.16939529], [7223.03, 2.0], [7220.15, 0.9851], [7217.1, 1.0], [7214.36, 12.0]], "asks": [[7227.18, 2.5], [7229.53, 0.16939529], [7229.55, 1.0], [7229.92, 0.18480366], [7229.93, 2.0], [7231.83, 1.0], [7233.28, 1.0], [7236.81, 6.0], [7243.09, 12.0]], "ts": 1575268423383}
{"bids": [[7224.08, 0.3], [7224.07, 2.0], [7223.58, 9e-05], [7223.57, 2.0], [7223.08, 0.16939529], [7223.03, 2.0], [7220.15, 0.9851], [7217.1, 1.0], [7214.36, 12.0]], "asks": [[7227.18, 2.5], [7229.53, 0.16939529], [7229.92, 0.18480366], [7229.93, 2.0], [7231.83, 1.0], [7233.28, 1.0], [7236.81, 6.0], [7243.09, 12.0]], "ts": 1575268423384}
{"bids": [[7224.74, 6.0], [7224.08, 0.3], [7224.07, 2.0], [7223.58, 9e-05], [7223.57, 2.0], [7223.08, 0.16939529], [7223.03, 2.0], [7220.15, 0.9851], [7217.1, 1.0], [7214.36, 12.0]], "asks": [[7227.18, 2.5], [7229.53, 0.16939529], [7229.92, 0.18480366], [7229.93, 2.0], [7231.83, 1.0], [7233.28, 1.0], [7236.81, 6.0], [7243.09, 12.0]], "ts": 1575268423384}
{"bids": [[7224.75, 2.0], [7224.74, 6.0], [7224.08, 0.3], [7224.07, 2.0], [7223.58, 9e-05], [7223.57, 2.0], [7223.08, 0.16939529], [7223.03, 2.0], [7220.15, 0.9851], [7217.1, 1.0]], "asks": [[7227.18, 2.5], [7229.53, 0.16939529], [7229.92, 0.18480366], [7229.93, 2.0], [7231.83, 1.0], [7233.28, 1.0], [7236.81, 6.0], [7243.09, 12.0]], "ts": 1575268423385}
{"bids": [[7224.75, 2.18405086], [7224.74, 6.0], [7224.08, 0.3], [7224.07, 2.0], [7223.58, 9e-05], [7223.57, 2.0], [7223.08, 0.16939529], [7223.03, 2.0], [7220.15, 0.9851], [7217.1, 1.0]], "asks": [[7227.18, 2.5], [7229.53, 0.16939529], [7229.92, 0.18480366], [7229.93, 2.0], [7231.83, 1.0], [7233.28, 1.0], [7236.81, 6.0], [7243.09, 12.0]], "ts": 1575268423385}
{"bids": [[7224.75, 2.18405086], [7224.74, 6.0], [7224.08, 0.3], [7224.07, 2.0], [7223.58, 9e-05], [7223.57, 2.0], [7223.08, 0.16939529], [7220.15, 0.9851], [7217.1, 1.0]], "asks": [[7227.18, 2.5], [7229.53, 0.16939529], [7229.92, 0.18480366], [7229.93, 2.0], [7231.83, 1.0], [7233.28, 1.0], [7236.81, 6.0], [7243.09, 12.0]], "ts": 1575268423386}
{"bids": [[7224.75, 2.18405086], [7224.74, 6.0], [7224.08, 0.3], [7224.07, 2.0], [7223.58, 9e-05], [7223.57, 2.0], [7220.15, 0.9851], [7217.1, 1.0]], "asks": [[7227.18, 2.5], [7229.53, 0.16939529], [7229.92, 0.18480366], [7229.93, 2.0], [7231.83, 1.0], [7233.28, 1.0], [7236.81, 6.0], [7243.09, 12.0]], "ts": 1575268423386}
{"bids": [[7224.75, 2.18405086], [7224.74, 6.0], [7224.08, 0.3], [7224.07, 2.0], [7223.58, 9e-05], [7223.57, 2.0], [7220.15, 0.9851], [7217.1, 1.0]], "asks": [[7227.18, 2.5], [7229.53, 0.16939529], [7229.93, 2.0], [7231.83, 1.0], [7233.28, 1.0], [7236.81, 6.0], [7243.09, 12.0]], "ts": 1575268423387}
{"bids": [[7224.75, 2.18405086], [7224.74, 6.0], [7224.08, 0.3], [7224.07, 2.0], [7223.58, 9e-05], [7223.57, 2.0], [7220.15, 0.9851], [7217.1, 1.0]], "asks": [[7227.18, 2.5], [7229.53, 0.16939529], [7229.93, 2.0], [7231.82, 0.18480366], [7231.83, 1.0], [7233.28, 1.0], [7236.81, 6.0], [7243.09, 12.0]], "ts": 1575268424666}
{"bids": [[7224.75, 2.18405086], [7224.74, 6.0], [7224.08, 0.3], [7224.07, 2.0], [7223.58, 9e-05], [7223.57, 2.0], [7220.15, 0.9851], [7217.1, 1.0]], "asks": [[7227.18, 2.5], [7229.93, 2.0], [7231.82, 0.18480366], [7231.83, 1.0], [7233.28, 1.0], [7236.81, 6.0], [7243.09, 12.0]], "ts": 1575268424667}
{"bids": [[7224.75, 2.18405086], [7224.74, 6.0], [7224.08, 0.3], [7224.07, 2.0], [7223.58, 9e-05], [7223.57, 2.0], [7220.15, 0.9851], [7217.1, 1.0]], "asks": [[7227.18, 2.5], [7229.93, 2.0], [7231.82, 0.18480366], [7231.83, 1.0], [7232.89, 0.3], [7233.28, 1.0], [7236.81, 6.0], [7243.09, 12.0]], "ts": 1575268424667}
{"bids": [[7224.75, 2.18405086], [7224.74, 6.0], [7224.08, 0.3], [7224.07, 2.0], [7223.58, 9e-05], [7223.57, 2.0], [7220.15, 0.9851], [7217.1, 1.0]], "asks": [[7227.18, 2.5], [7229.93, 2.0], [7231.82, 0.36885452], [7231.83, 1.0], [7232.89, 0.3], [7233.28, 1.0], [7236.81, 6.0], [7243.09, 12.0]], "ts": 1575268424668}
{"bids": [[7224.75, 2.18405086], [7224.74, 6.0], [7224.08, 0.3], [7224.07, 2.0], [7223.58, 9e-05], [7223.57, 2.0], [7220.15, 0.9851], [7217.1, 1.0]], "asks": [[7227.18, 2.5], [7229.92, 0.18405086], [7229.93, 2.0], [7231.82, 0.36885452], [7231.83, 1.0], [7232.89, 0.3], [7233.28, 1.0], [7236.81, 6.0], [7243.09, 12.0]], "ts": 1575268424668}
{"bids": [[7224.75, 2.18405086], [7224.74, 6.0], [7224.08, 0.3], [7224.07, 2.0], [7223.58, 9e-05], [7223.57, 2.0], [7220.15, 0.9851], [7217.1, 1.0]], "asks": [[7227.18, 2.5], [7229.92, 0.18405086], [7229.93, 2.0], [7231.82, 0.18480366], [7231.83, 1.0], [7232.89, 0.3], [7233.28, 1.0], [7236.81, 6.0], [7243.09, 12.0]], "ts": 1575268424669}
{"bids": [[7224.75, 2.18405086], [7224.74, 6.0], [7224.07, 2.0], [7223.58, 9e-05], [7223.57, 2.0], [7220.15, 0.9851], [7217.1, 1.0]], "asks": [[7227.18, 2.5], [7229.92, 0.18405086], [7229.93, 2.0], [7231.82, 0.18480366], [7231.83, 1.0], [7232.89, 0.3], [7233.28, 1.0], [7236.81, 6.0], [7243.09, 12.0]], "ts": 1575268424670}
{"bids": [[7224.76, 0.3], [7224.75, 2.18405086], [7224.74, 6.0], [7224.07, 2.0], [7223.58, 9e-05], [7223.57, 2.0], [7220.15, 0.9851], [7217.1, 1.0]], "asks": [[7227.18, 2.5], [7229.92, 0.18405086], [7229.93, 2.0], [7231.82, 0.18480366], [7231.83, 1.0], [7232.89, 0.3], [7233.28, 1.0], [7236.81, 6.0], [7243.09, 12.0]], "ts": 1575268424670}
{"bids": [[7224.76, 0.3], [7224.75, 2.18405086], [7224.74, 6.0], [7224.07, 2.0], [7223.57, 2.0], [7220.15, 0.9851], [7217.1, 1.0]], "asks": [[7227.18, 2.5], [7229.92, 0.18405086], [7229.93, 2.0], [7231.82, 0.18480366], [7231.83, 1.0], [7232.89, 0.3], [7233.28, 1.0], [7236.81, 6.0], [7243.09, 12.0]], "ts": 1575268424671}
{"bids": [[7224.76, 0.3], [7224.75, 2.18405086], [7224.74, 6.0], [7224.07, 2.0], [7220.15, 0.9851], [7217.1, 1.0]], "asks": [[7227.18, 2.5], [7229.92, 0.18405086], [7229.93, 2.0], [7231.82, 0.18480366], [7231.83, 1.0], [7232.89, 0.3], [7233.28, 1.0], [7236.81, 6.0], [7243.09, 12.0]], "ts": 1575268424671}
{"bids": [[7224.76, 0.3], [7224.75, 2.18414086], [7224.74, 6.0], [7224.07, 2.0], [7220.15, 0.9851], [7217.1, 1.0]], "asks": [[7227.18, 2.5], [7229.92, 0.18405086], [7229.93, 2.0], [7231.82, 0.18480366], [7231.83, 1.0], [7232.89, 0.3], [7233.28, 1.0], [7236.81, 6.0], [7243.09, 12.0]], "ts": 1575268424672}
{"bids": [[7224.76, 0.3], [7224.75, 2.18414086], [7224.74, 6.0], [7224.07, 2.0], [7217.1, 1.0]], "asks": [[7227.18, 2.5], [7229.92, 0.18405086], [7229.93, 2.0], [7231.82, 0.18480366], [7231.83, 1.0], [7232.89, 0.3], [7233.28, 1.0], [7236.81, 6.0], [7243.09, 12.0]], "ts": 1575268424672}
{"bids": [[7224.76, 0.3], [7224.75, 2.18414086], [7224.74, 6.0], [7224.07, 2.0], [7223.53, 0.9734], [7217.1, 1.0]], "asks": [[7227.18, 2.5], [7229.92, 0.18405086], [7229.93, 2.0], [7231.82, 0.18480366], [7231.83, 1.0], [7232.89, 0.3], [7233.28, 1.0], [7236.81, 6.0], [7243.09, 12.0]], "ts": 1575268424673}
{"bids": [[7224.76, 0.3], [7224.75, 2.18405086], [7224.74, 6.0], [7224.07, 2.0], [7223.53, 0.9734], [7217.1, 1.0]], "asks": [[7227.18, 2.5], [7229.92, 0.18405086], [7229.93, 2.0], [7231.82, 0.18480366], [7231.83, 1.0], [7232.89, 0.3], [7233.28, 1.0], [7236.81, 6.0], [7243.09, 12.0]], "ts": 1575268424673}
{"bids": [[7224.76, 0.3], [7224.75, 2.18405086], [7224.74, 6.0], [7224.07, 2.0], [7223.53, 0.9734], [7219.38, 1.0], [7217.1, 1.0]], "asks": [[7227.18, 2.5], [7229.92, 0.18405086], [7229.93, 2.0], [7231.82, 0.18480366], [7231.83, 1.0], [7232.89, 0.3], [7233.28, 1.0], [7236.81, 6.0], [7243.09, 12.0]], "ts": 1575268424674}
{"bids": [[7224.76, 0.30009], [7224.75, 2.18405086], [7224.74, 6.0], [7224.07, 2.0], [7223.53, 0.9734], [7219.38, 1.0], [7217.1, 1.0]], "asks": [[7227.18, 2.5], [7229.92, 0.18405086], [7229.93, 2.0], [7231.82, 0.18480366], [7231.83, 1.0], [7232.89, 0.3], [7233.28, 1.0], [7236.81, 6.0], [7243.09, 12.0]], "ts": 1575268424674}
{"bids": [[7224.76, 0.30009], [7224.75, 2.18405086], [7224.74, 6.0], [7224.07, 2.0], [7223.53, 0.9734], [7219.38, 1.0], [7217.1, 1.0]], "asks": [[7227.18, 2.5], [7229.92, 0.18405086], [7229.93, 2.0], [7231.82, 0.18480366], [7231.83, 1.0], [7232.89, 0.3], [7233.28, 1.0], [7236.81, 6.0], [7243.09, 12.0]], "ts": 1575268424675}
{"bids": [[7224.76, 0.30009], [7224.75, 2.18405086], [7224.07, 2.0], [7223.53, 0.9734], [7219.38, 1.0], [7217.1, 1.0]], "asks": [[7227.18, 2.5], [7229.92, 0.18405086], [7229.93, 2.0], [7231.82, 0.18480366], [7231.83, 1.0], [7232.89, 0.3], [7233.28, 1.0], [7236.81, 6.0], [7243.09, 12.0]], "ts": 1575268424676}
{"bids": [[7224.76, 0.30009], [7224.75, 2.18405086], [7224.07, 2.0], [7223.53, 0.9734], [7219.38, 1.0], [7217.1, 1.0]], "asks": [[7227.18, 2.5], [7229.92, 0.18405086], [7229.93, 2.0], [7231.82, 0.18480366], [7231.83, 1.0], [7232.89, 0.3], [7233.28, 1.0], [7243.09, 12.0]], "ts": 1575268424677}
{"bids": [[7224.76, 0.30009], [7224.75, 2.18405086], [7224.07, 2.0], [7223.53, 0.9734], [7219.38, 1.0], [7217.1, 1.0]], "asks": [[7227.18, 2.5], [7229.91, 0.18480366], [7229.92, 0.18405086], [7229.93, 2.0], [7231.82, 0.18480366], [7231.83, 1.0], [7232.89, 0.3], [7233.28, 1.0], [7243.09, 12.0]], "ts": 1575268424677}
{"bids": [[7224.76, 0.30009], [7224.75, 2.18405086], [7224.07, 2.0], [7223.53, 0.9734], [7219.38, 1.0], [7217.1, 1.0]], "asks": [[7227.18, 2.5], [7229.91, 0.18480366], [7229.92, 0.18405086], [7229.93, 2.0], [7231.83, 1.0], [7232.89, 0.3], [7233.28, 1.0], [7243.09, 12.0]], "ts": 1575268424678}
{"bids": [[7224.76, 0.30009], [7224.75, 2.18405086], [7224.07, 2.0], [7223.53, 0.9734], [7219.38, 1.0], [7217.1, 1.0]], "asks": [[7227.18, 2.5], [7229.91, 0.18480366], [7229.92, 0.18405086], [7229.93, 2.0], [7231.83, 1.0], [7232.89, 0.3], [7233.28, 1.0], [7243.09, 12.0]], "ts": 1575268424678}
{"bids": [[7224.76, 0.30009], [7224.75, 2.18405086], [7224.07, 2.0], [7223.53, 0.9734], [7219.38, 1.0], [7217.1, 1.0]], "asks": [[7227.18, 2.5], [7229.91, 0.18480366], [7229.92, 0.18405086], [7229.93, 2.0], [7231.83, 1.0], [7232.89, 0.3], [7233.28, 1.0]], "ts": 1575268424679}
{"bids": [[7225.5, 6.0], [7224.76, 0.30009], [7224.75, 2.18405086], [7224.07, 2.0], [7223.53, 0.9734], [7219.38, 1.0], [7217.1, 1.0]], "asks": [[7227.18, 2.5], [7229.91, 0.18480366], [7229.92, 0.18405086], [7229.93, 2.0], [7231.83, 1.0], [7232.89, 0.3], [7233.28, 1.0]], "ts": 1575268424679}
{"bids": [[7225.51, 2.0], [7225.5, 6.0], [7224.76, 0.30009], [7224.75, 2.18405086], [7224.07, 2.0], [7223.53, 0.9734], [7219.38, 1.0], [7217.1, 1.0]], "asks": [[7227.18, 2.5], [7229.91, 0.18480366], [7229.92, 0.18405086], [7229.93, 2.0], [7231.83, 1.0], [7232.89, 0.3], [7233.28, 1.0]], "ts": 1575268424680}
{"bids": [[7225.51, 2.0], [7225.5, 6.0], [7224.76, 0.30009], [7224.75, 2.18405086], [7224.07, 2.0], [7223.53, 0.9734], [7219.38, 1.0], [7217.1, 1.0]], "asks": [[7227.18, 2.5], [7229.92, 0.18405086], [7229.93, 2.0], [7231.83, 1.0], [7232.89, 0.3], [7233.28, 1.0]], "ts": 1575268424681}
{"bids": [[7225.51, 2.0], [7225.5, 6.0], [7224.76, 0.30009], [7224.75, 2.18405086], [7224.07, 2.0], [7223.53, 0.9734], [7219.38, 1.0], [7217.1, 1.0]], "asks": [[7227.18, 2.5], [7229.92, 0.18405086], [7229.93, 2.0], [7231.82, 0.18480366], [7231.83, 1.0], [7232.89, 0.3], [7233.28, 1.0]], "ts": 1575268424681}
{"bids": [[7225.51, 2.0], [7225.5, 6.0], [7224.76, 0.30009], [7224.75, 2.18405086], [7224.07, 2.0], [7223.53, 0.9734], [7219.38, 1.0], [7217.1, 1.0]], "asks": [[7227.18, 2.5], [7229.93, 2.0], [7231.82, 0.18480366], [7231.83, 1.0], [7232.89, 0.3], [7233.28, 1.0]], "ts": 1575268424682}
{"bids": [[7225.51, 2.0], [7225.5, 6.0], [7224.76, 0.30009], [7224.75, 2.18405086], [7224.07, 2.0], [7223.53, 0.9734], [7219.38, 1.0], [7217.1, 1.0]], "asks": [[7227.18, 2.5], [7229.93, 2.0], [7231.82, 0.36885452], [7231.83, 1.0], [7232.89, 0.3], [7233.28, 1.0]], "ts": 1575268424682}
{"bids": [[7225.51, 2.0], [7225.5, 6.0], [7224.76, 0.30009], [7224.75, 2.18405086], [7224.07, 2.0], [7223.53, 0.9734], [7219.38, 1.0], [7217.1, 1.0]], "asks": [[7227.18, 2.5], [7229.93, 2.0], [7231.82, 0.36885452], [7231.83, 1.0], [7233.28, 1.0]], "ts": 1575268424683}
{"bids": [[7225.51, 2.0], [7225.5, 6.0], [7224.76, 0.30009], [7224.75, 2.18405086], [7224.07, 2.0], [7223.53, 0.9734], [7219.38, 1.0], [7217.1, 1.0]], "asks": [[7227.18, 2.5], [7229.93, 2.0], [7231.82, 0.36885452], [7231.83, 1.0], [7233.28, 1.0], [7238.26, 6.0]], "ts": 1575268424683}
{"bids": [[7225.51, 2.0], [7225.5, 6.0], [7224.76, 0.30009], [7224.75, 2.18405086], [7224.07, 2.0], [7223.53, 0.9734], [7219.38, 1.0], [7217.51, 12.0], [7217.1, 1.0]], "asks": [[7227.18, 2.5], [7229.93, 2.0], [7231.82, 0.36885452], [7231.83, 1.0], [7233.28, 1.0], [7238.26, 6.0]], "ts": 1575268424684}
{"bids": [[7225.51, 2.0], [7225.5, 6.0], [7224.76, 0.30009], [7224.75, 2.18405086], [7224.07, 2.0], [7223.53, 0.9734], [7219.38, 1.0], [7217.51, 12.0], [7217.1, 1.0]], "asks": [[7227.18, 2.5], [7229.93, 2.0], [7231.82, 0.36885452], [7231.83, 1.0], [7233.28, 1.0], [7238.26, 6.0]], "ts": 1575268424685}
{"bids": [[7225.51, 2.0], [7225.5, 6.0], [7224.76, 0.30009], [7224.75, 2.18405086], [7224.07, 2.0], [7223.53, 0.9734], [7219.38, 1.0], [7217.51, 12.0], [7217.1, 1.0]], "asks": [[7227.18, 2.5], [7229.93, 2.0], [7231.82, 0.36885452], [7231.83, 1.0], [7233.28, 1.0], [7238.26, 6.0], [7246.25, 12.0]], "ts": 1575268424685}
{"bids": [[7225.51, 2.0], [7225.5, 6.0], [7224.76, 9e-05], [7224.75, 2.18405086], [7224.07, 2.0], [7223.53, 0.9734], [7219.38, 1.0], [7217.51, 12.0], [7217.1, 1.0]], "asks": [[7227.18, 2.5], [7229.93, 2.0], [7231.82, 0.36885452], [7231.83, 1.0], [7233.28, 1.0], [7238.26, 6.0], [7246.25, 12.0]], "ts": 1575268424686}
{"bids": [[7225.51, 2.0], [7225.5, 6.0], [7224.76, 9e-05], [7224.75, 2.18405086], [7224.07, 2.0], [7223.53, 0.9734], [7219.38, 1.0], [7217.51, 12.0], [7217.1, 1.0]], "asks": [[7227.18, 2.5], [7229.93, 2.0], [7231.82, 0.36885452], [7231.83, 1.0], [7233.28, 1.0], [7233.65, 0.3], [7238.26, 6.0], [7246.25, 12.0]], "ts": 1575268424686}
{"bids": [[7225.51, 2.0], [7225.5, 6.0], [7224.76, 9e-05], [7224.75, 2.18405086], [7224.07, 2.0], [7223.53, 0.9734], [7219.38, 1.0], [7217.51, 12.0], [7217.1, 1.0]], "asks": [[7227.18, 2.5], [7229.92, 0.18405086], [7229.93, 2.0], [7231.82, 0.36885452], [7231.83, 1.0], [7233.28, 1.0], [7233.65, 0.3], [7238.26, 6.0], [7246.25, 12.0]], "ts": 1575268424687}
{"bids": [[7225.51, 2.0], [7225.5, 6.0], [7224.76, 9e-05], [7224.75, 2.18405086], [7224.07, 2.0], [7223.53, 0.9734], [7219.38, 1.0], [7217.51, 12.0], [7217.1, 1.0]], "asks": [[7227.18, 2.5], [7229.92, 0.18405086], [7229.93, 2.0], [7231.82, 0.18480366], [7231.83, 1.0], [7233.28, 1.0], [7233.65, 0.3], [7238.26, 6.0], [7246.25, 12.0]], "ts": 1575268424687}
{"bids": [[7225.52, 0.3], [7225.51, 2.0], [7225.5, 6.0], [7224.76, 9e-05], [7224.75, 2.18405086], [7224.07, 2.0], [7223.53, 0.9734], [7219.38, 1.0], [7217.51, 12.0], [7217.1, 1.0]], "asks": [[7227.18, 2.5], [7229.92, 0.18405086], [7229.93, 2.0], [7231.82, 0.18480366], [7231.83, 1.0], [7233.28, 1.0], [7233.65, 0.3], [7238.26, 6.0], [7246.25, 12.0]], "ts": 1575268424688}
{"bids": [[7225.52, 0.3], [7225.51, 2.0], [7225.5, 6.0], [7224.75, 2.18405086], [7224.07, 2.0], [7223.53, 0.9734], [7219.38, 1.0], [7217.51, 12.0], [7217.1, 1.0]], "asks": [[7227.18, 2.5], [7229.92, 0.18405086], [7229.93, 2.0], [7231.82, 0.18480366], [7231.83, 1.0], [7233.28, 1.0], [7233.65, 0.3], [7238.26, 6.0], [7246.25, 12.0]], "ts": 1575268424688}
{"bids": [[7225.52, 0.3], [7225.51, 2.0], [7225.5, 6.0], [7224.75, 2.18405086], [7224.07, 2.0], [7223.53, 0.9734], [7219.38, 1.0], [7217.51, 12.0], [7217.1, 1.0]], "asks": [[7227.18, 2.5], [7229.93, 2.0], [7231.82, 0.18480366], [7231.83, 1.0], [7233.28, 1.0], [7233.65, 0.3], [7238.26, 6.0], [7246.25, 12.0]], "ts": 1575268424689}
{"bids": [[7225.52, 0.3], [7225.51, 2.0], [7225.5, 6.0], [7224.75, 2.18405086], [7224.07, 2.0], [7223.53, 0.9734], [7219.38, 1.0], [7217.51, 12.0], [7217.1, 1.0]], "asks": [[7227.18, 2.5], [7229.93, 2.0], [7231.81, 0.18405086], [7231.82, 0.18480366], [7231.83, 1.0], [7233.28, 1.0], [7233.65, 0.3], [7238.26, 6.0], [7246.25, 12.0]], "ts": 1575268424689}
{"bids": [[7225.52, 0.3], [7225.51, 2.0], [7224.75, 2.18405086], [7224.07, 2.0], [7223.53, 0.9734], [7219.38, 1.0], [7217.51, 12.0], [7217.1, 1.0]], "asks": [[7227.18, 2.5], [7229.93, 2.0], [7231.81, 0.18405086], [7231.82, 0.18480366], [7231.83, 1.0], [7233.28, 1.0], [7233.65, 0.3], [7238.26, 6.0], [7246.25, 12.0]], "ts": 1575268424690}
{"bids": [[7225.52, 0.3], [7225.51, 2.00009], [7224.75, 2.18405086], [7224.07, 2.0], [7223.53, 0.9734], [7219.38, 1.0], [7217.51, 12.0], [7217.1, 1.0]], "asks": [[7227.18, 2.5], [7229.93, 2.0], [7231.81, 0.18405086], [7231.82, 0.18480366], [7231.83, 1.0], [7233.28, 1.0], [7233.65, 0.3], [7238.26, 6.0], [7246.25, 12.0]], "ts": 1575268424690}
{"bids": [[7225.52, 0.3], [7225.51, 2.00009], [7224.75, 2.18405086], [7224.07, 2.0], [7223.53, 0.9734], [7219.38, 1.0], [7217.51, 12.0], [7217.1, 1.0]], "asks": [[7227.18, 2.5], [7229.93, 2.0], [7231.81, 0.18405086], [7231.82, 0.18480366], [7231.83, 1.0], [7233.28, 1.0], [7238.26, 6.0], [7246.25, 12.0]], "ts": 1575268424691}
{"bids": [[7225.52, 0.3], [7225.51, 2.00009], [7224.75, 2.18405086], [7224.07, 2.0], [7223.53, 0.9734], [7219.38, 1.0], [7217.51, 12.0], [7217.1, 1.0]], "asks": [[7227.18, 2.5], [7229.92, 0.18405086], [7229.93, 2.0], [7231.81, 0.18405086], [7231.82, 0.18480366], [7231.83, 1.0], [7233.28, 1.0], [7238.26, 6.0], [7246.25, 12.0]], "ts": 1575268424692}
{"bids": [[7225.52, 0.3], [7225.51, 2.00009], [7224.75, 2.18405086], [7224.07, 2.0], [7223.53, 0.9734], [7219.38, 1.0], [7217.51, 12.0], [7217.1, 1.0]], "asks": [[7227.18, 2.5], [7229.92, 0.18405086], [7229.93, 2.0], [7231.82, 0.18480366], [7231.83, 1.0], [7233.28, 1.0], [7238.26, 6.0], [7246.25, 12.0]], "ts": 1575268424693}
{"bids": [[7226.05, 6.0], [7225.52, 0.3], [7225.51, 2.00009], [7224.75, 2.18405086], [7224.07, 2.0], [7223.53, 0.9734], [7219.38, 1.0], [7217.51, 12.0], [7217.1, 1.0]], "asks": [[7227.18, 2.5], [7229.92, 0.18405086], [7229.93, 2.0], [7231.82, 0.18480366], [7231.83, 1.0], [7233.28, 1.0], [7238.26, 6.0], [7246.25, 12.0]], "ts": 1575268424694}
{"bids": [[7226.06, 2.0], [7226.05, 6.0], [7225.52, 0.3], [7225.51, 2.00009], [7224.75, 2.18405086], [7224.07, 2.0], [7223.53, 0.9734], [7219.38, 1.0], [7217.51, 12.0], [7217.1, 1.0]], "asks": [[7227.18, 2.5], [7229.92, 0.18405086], [7229.93, 2.0], [7231.82, 0.18480366], [7231.83, 1.0], [7233.28, 1.0], [7238.26, 6.0], [7246.25, 12.0]], "ts": 1575268424695}
{"bids": [[7226.06, 2.18405086], [7226.05, 6.0], [7225.52, 0.3], [7225.51, 2.00009], [7224.75, 2.18405086], [7224.07, 2.0], [7223.53, 0.9734], [7219.38, 1.0], [7217.51, 12.0], [7217.1, 1.0]], "asks": [[7227.18, 2.5], [7229.92, 0.18405086], [7229.93, 2.0], [7231.82, 0.18480366], [7231.83, 1.0], [7233.28, 1.0], [7238.26, 6.0], [7246.25, 12.0]], "ts": 1575268424696}
{"bids": [[7226.06, 2.18405086], [7226.05, 6.0], [7225.52, 0.3], [7225.51, 2.00009], [7224.75, 2.18405086], [7223.53, 0.9734], [7219.38, 1.0], [7217.51, 12.0], [7217.1, 1.0]], "asks": [[7227.18, 2.5], [7229.92, 0.18405086], [7229.93, 2.0], [7231.82, 0.18480366], [7231.83, 1.0], [7233.28, 1.0], [7238.26, 6.0], [7246.25, 12.0]], "ts": 1575268424696}
